3058 5040
529 425 885 481 rrorroromrrrrcs.
1160 401 1236 475 101

592 631 831 700 MOSCHUS.

401 793 626 900 (Moschus
646 794 930 877 Moschiferus
950 793 1024 897 L.)

479 971 613 1051 Triginta
626 973 840 1032 attenuationes
854 954 940 1052 (X).

241 1123 409 1204 Decem
438 1123 612 1206 Moschi
644 1123 755 1206 bene
787 1123 957 1206 contriti
989 1149 1122 1232 grana
1141 1149 1237 1203 cum

186 1272 379 1356 ducentis
401 1274 579 1382 Spiritus
598 1273 701 1356 Vini
727 1273 874 1373 misce,
906 1285 950 1355 et
982 1300 1060 1383 per
1093 1272 1236 1381 plures

186 1423 275 1506 dies
303 1451 415 1533 saepe
446 1425 588 1534 agita3
623 1425 722 1508 dein
748 1425 804 1506 ad
832 1425 1094 1533 trigesimam
1128 1435 1237 1505 atte-

185 1573 432 1655 nuationem
452 1576 578 1658 dilue.

239 1723 297 1804 N.
314 1724 366 1807 B.
405 1726 564 1807 Melius
597 1737 661 1809 est
691 1725 873 1808 eundem
906 1726 1081 1808 modum
1114 1738 1161 1808 ut
1192 1726 1236 1808 in

185 1875 453 1984 antipsoricis
473 1877 607 1987 sequi.

237 2025 371 2108 Dosis
391 2027 591 2110 :—Glob.
623 2027 669 2137 ij.
702 2027 771 2110 vel
796 2023 853 2135 iij.
876 2025 1103 2136 trigesimae
1124 2039 1234 2112 atte-

183 2174 410 2258 nuationis.

594 2361 821 2429 NATRUM.

455 2517 619 2576 Duodecim
633 2517 847 2577 attenuationcs
861 2496 962 2596 (IV).

240 2646 432 2727 Granum
467 2645 761 2752 crystallorum
792 2642 921 2755 hujus
951 2645 1050 2727 salis
1084 2647 1237 2728 eodem

182 2798 326 2894 modo,
341 2798 405 2879 uti
423 2796 611 2879 remedia
625 2797 897 2905 antipsorica,
918 2797 973 2879 ad
986 2797 1237 2881 dilutionem

181 2947 481 3028 duodecimam
499 2957 686 3029 attenua.

240 3096 578 3180 Dosis:—Glob.
608 3097 671 3205 ij„
706 3097 765 3206 iij.
798 3097 867 3180 vel
897 3097 950 3180 iv.
974 3096 1235 3180 duodecimae

183 3247 501 3332 attenuationis.

238 3379 423 3483 Duratio
441 3398 602 3480 2-Per
620 3397 794 3506 triginta
825 3397 931 3498 dies,
964 3400 1034 3484 vel
1063 3397 1236 3506 triginta

183 3551 307 3650 duos,
328 3550 399 3632 vel
417 3548 590 3658 triginta
609 3575 699 3649 sex,
722 3550 808 3630 imo
827 3575 905 3656 per
922 3549 1078 3657 plures.
1274 3519 1281 3532 ⁶

240 3698 473 3784 Antidotus
491 3698 810 3808 :-Camphora.

422 3905 636 3973 NATRUM
659 3903 992 3973 MURIATICUM.

475 4059 609 4139 Triginta
622 4059 835 4119 attenuationes
850 4038 933 4139 (X).

241 4190 365 4277 Solve
386 4219 514 4274 unam
544 4188 788 4272 drachmam
823 4188 1021 4274 Muriatis
1050 4187 1174 4274 Sodae
1192 4190 1239 4275 in
