3058 5040
283 380 337 462 86
629 398 983 464 ‘runamncorcma
1113 377 1116 382 '

340 573 794 656 Durat-Efficacitas
825 597 966 679 parvae
997 561 1124 671 hujus
1154 515 1358 639 remedii¹

287 725 534 834 quantitatis
573 724 734 832 aliquot
778 723 990 816 horarum,
1029 738 1194 818 magnae
1229 729 1331 788 vero

285 899 517 982 paucorum
536 874 700 955 dierum
721 870 860 979 spatio
880 859 1197 969 circumscripta
1213 865 1290 936 est.

576 1083 760 1151 JUNCUS
785 1078 986 1148 PILOSUS
1011 1073 1050 1140 L.

655 1237 722 1296 Una
735 1187 894 1295 attenuatio
914 1212 978 1309 (I).

286 1351 288 1354 ⁵
339 1345 444 1475 Ejus
463 1377 630 1474 tantum
648 1362 789 1445 radice
808 1361 853 1440 in
871 1353 1082 1440 medicina
1098 1362 1231 1433 utere.

344 1519 486 1614 Quum
497 1517 615 1624 prelo
629 1511 823 1621 subjecta
832 1535 1008 1617 parcum
1019 1502 1147 1583 modo
1160 1522 1333 1580 succum

287 1667 503 1774 largiatur,
521 1663 721 1772 Spiritum
731 1659 832 1740 Vini
848 1654 1032 1738 adfunde
1049 1648 1147 1733 etin
1161 1659 1334 1728 tenuem

288 1819 451 1927 pultem
470 1815 616 1920 redige
636 1847 644 1893 ε
678 1810 777 1891 dein
797 1831 970 1900 succum
989 1799 1189 1908 exprime.

343 1969 450 2049 Tres
479 1975 622 2072 guttas
649 1986 746 2041 cum
775 1952 1008 2060 nonaginta
1031 1947 1204 2057 'septem
1237 1942 1330 2054 Spi-

288 2122 392 2205 ritus
419 2116 522 2200 Vini
550 2110 682 2220 guttis
712 2106 840 2188 misce
862 2115 905 2184 et
923 2098 1099 2183 brachio
1119 2096 1186 2178 bis
1206 2095 1331 2203 agita.

288 2250 390 2366 Hoc
409 2276 587 2388 primam
606 2265 825 2350 constituit
846 2247 1192 2343 attenuationem.

346 2392 478 2512 Dosis
497 2418 696 2506 :-Glob.
728 2416 771 2525 ij.
793 2415 862 2498 vel
881 2409 939 2522 iij.
969 2407 1115 2520 primae
1144 2416 1335 2488 attenua-

290 2580 431 2664 tionis.

573 2711 692 2779 KALI
715 2699 1050 2775 CARBONICUM.

584 2849 719 2925 Triginta
731 2841 942 2903 attenuationes
966 2821 1050 2915 (X).

350 2999 511 3108 Recipe
526 2989 742 3075 dimidiam
752 2984 919 3067 unciam
934 2979 1029 3090 puri
1042 2973 1207 3060 Taltari
1221 2969 1336 3070 Vini,

296 3166 339 3239 et
367 3155 411 3234 in
432 3147 617 3230 massam
642 3141 815 3225 factum
830 3154 1060 3242 paucarum
1093 3152 1214 3232 aquae
1240 3132 1337 3229 gut·

296 3321 436 3389 tarum
473 3321 572 3406 ope,
618 3286 766 3371 charta
806 3282 943 3364 sicca:
985 3278 1029 3358 in
1068 3298 1167 3355 vase
1204 3271 1342 3350 ferreo

299 3443 425 3563 super
449 3448 592 3554 ignem
621 3447 734 3548 pone
764 3432 900 3513 donec
932 3423 1140 3507 candeat:
1175 3418 1275 3499 dein
1299 3417 1343 3496 in

298 3630 400 3691 vase
414 3594 701 3710 porcellaneo‚
718 3581 834 3693 quod
844 3580 932 3659 lino
944 3574 1118 3681 tegitur,
1135 3569 1233 3651 etin
1246 3567 1343 3648 loco

300 3752 474 3847 humido
490 3741 649 3853 sepone
660 3713 772 3819 :illic
791 3732 1012 3811 humorem
1028 3721 1135 3804 a'eris
1151 3714 1341 3813 attrahit,

302 3935 387 4020 quo
403 3904 583 3985 Potassa
600 3887 754 3998 partim
771 3879 902 3963 fluida
920 3877 983 3974 fit,
1006 3885 1050 3955 et
1070 3872 1232 3978 aliquot
1246 3873 1344 3974 post

300 4048 591 4164 hebdomadas
629 4035 798 4121 ultimas
837 4026 964 4111 calcis
1001 4019 1229 4131 particulas
1271 4014 1346 4096 de-

302 4205 443 4295 natm.
