3058 5040
540 411 900 468 noumornruron.
1162 391 1237 464 121

249 541 690 688 Antid.-⁹Camphora
710 590 752 663 et
781 577 999 662 Pulsatilla
1016 577 1127 661 vires
1148 575 1238 684 ejus

193 740 481 838 compescunt.

626 903 812 970 SABINA.

335 1041 339 1050 ’
452 1045 502 1157 (J
505 1047 704 1155 uniperus
723 1045 880 1130 Sabina
898 1044 971 1152 L.)

400 1238 511 1318 vrgao
526 1251 652 1317 quatuor
664 1239 877 1299 atanuaoones
892 1217 1038 1316 (VIII).

245 1387 428 1470 Suoeum
445 1389 642 1472 foliorum
659 1390 892 1473 recentium
911 1417 1008 1473 oum
1028 1392 1120 1502 pari
1139 1392 1235 1502 Spi-

188 1537 295 1620 ritus
324 1537 427 1620 Vini
447 1539 683 1646 quantitate
718 1539 1007 1640 commixtum,
1044 1541 1099 1622 ad
1129 1541 1236 1626 dilu-

188 1684 353 1768 tionem
380 1685 629 1794 vigesimam
658 1697 851 1794 quartam
880 1714 1015 1795 usque
1048 1700 1234 1773 attenua.

188 1833 310 1915 Dum
336 1833 438 1915 folia
467 1845 614 1914 tenera
644 1833 976 1934 contunduntur,
991 1832 1084 1942 jam
1117 1835 1237 1918 dimi-

189 1981 305 2064 diam
326 1980 504 2091 Spiritus
527 1980 628 2062 Vini
657 1979 939 2089 quantitatem
964 1981 1166 2083 adfunde‚
1190 1995 1242 2066 ut

187 2130 286 2240 puls
305 2129 407 2212 satis
426 2141 557 2211 tenax
575 2127 828 2210 obtineatur.
891 2128 1074 2210 Suecum
1089 2154 1142 2209 ex
1155 2129 1237 2212 hae

188 2280 310 2390 pulte
330 2305 574 2387 expressum
595 2305 692 2358 eum
721 2276 884 2359 duabus
913 2276 1106 2386 partibus
1139 2278 1235 2387 Spi-

188 2427 296 2509 ritus
313 2427 416 2507 Vini
435 2425 724 2526 commixtum,
746 2451 822 2534 per
853 2425 1013 2533 aliquot
1045 2426 1135 2508 dies
1167 2454 1234 2510 re·

188 2602 327 2686 pone3
373 2574 525 2657 deinde
560 2574 620 2674 id,
655 2573 769 2681 quod
802 2575 960 2656 clarum
1000 2603 1026 2657 a
1061 2577 1238 2661 faecibus

190 2723 390 2823 decessit,
415 2722 643 2805 commode·
660 2720 856 2805 defunde.
916 2723 1026 2806 Tum
1056 2726 1111 2807 ad
1131 2737 1237 2810 atte-

189 2871 438 2956 nuationem
456 2869 703 2978 vigesimam
723 2883 918 2978 quartam
938 2871 1116 2980 explica.

246 3021 379 3103 Dosis
396 3055 440 3104 ι·
461 3018 589 3102 Glob.
606 3017 650 3127 ij.
666 3031 796 3102 sextae
815 3019 884 3102 vel
903 3043 1025 3102 nonae
1041 3033 1234 3104 attenua·
1254 3016 1259 3027 ’

189 3166 318 3249 tionis
329 3167 373 3248 in
393 3165 551 3248 morbis
571 3164 792 3266 diuturnis,
809 3165 984 3249 decimae
999 3168 1156 3276 quintae
1169 3171 1238 3253 vel

190 3315 407 3422 vigesimae
428 3325 587 3424 quartae
605 3311 650 3396 in
671 3314 818 3396 acutis.
839 3371 841 3382 ·

246 3461 720 3545 Dur.-Nonnullarum
741 3460 1058 3545 hebdomadum
1083 3465 1236 3574 spatio.

249 3610 481 3694 Antidotus
497 3608 814 3717 z-Camphora.

464 3849 721 3916 SAMBUCUS
745 3850 904 3918 NIGRA
929 3853 969 3920 L.

206 4105 209 4116 Ι
252 4012 435 4110 Suocum
470 4009 626 4091 efoliis
653 4023 696 4092 et
722 4011 895 4094 floribus
918 4011 1045 4122 hujus
1074 4014 1236 4100 arboris

195 4187 291 4241 eum
308 4156 401 4268 pari
420 4155 598 4267 Spiritus
615 4155 716 4238 Vini
736 4159 974 4265 quantitate
995 4163 1234 4247 commisce.
