3058 5040
519 391 876 471 HOMOEOPATHICA.
1171 395 1226 478 99

174 593 344 675 vocant,
361 582 491 689 longa
506 583 737 691 agitatione
756 583 956 666 Mercurii
968 581 1070 666 vivi
1082 579 1219 690 puris-

172 730 280 812 simd
298 743 506 841 paratum.
551 793 558 804 .

228 885 421 966 Attenua
435 895 482 966 ut
502 884 547 966 in
573 885 772 967 remediis
793 881 1060 995 antipsoricis
1080 880 1137 964 ad
1154 879 1218 962 di-

170 1034 379 1116 lutionem
397 1035 705 1120 duodecimam.

227 1185 572 1268 Dosisz-Glob,
595 1184 638 1294 ij.
660 1188 730 1270 vel
747 1185 805 1295 iij
827 1181 1089 1269 duodecimae
1109 1190 1218 1262 atte-

171 1336 402 1419 nuationis.

384 1600 672 1666 MERCURIUS
696 1596 1016 1666 CORROSIVUS.
1101 1645 1102 1650 η

173 1765 440 1875 (Mercurius
462 1768 709 1852 Corrosivus
730 1767 1006 1866 sublimatus,
1029 1759 1221 1871 Hydrar·

308 1946 458 2028 gyrum
477 1918 751 2001 Muriaticum
773 1914 1083 2023 Corrosivum.)

453 2095 630 2164 Quindecim
641 2096 854 2156 attenuationes
869 2073 948 2173 (V)-

227 2238 335 2321 'lies
354 2251 497 2347 partes
517 2237 784 2348 Hydrargyri
809 2239 1019 2350 puricum
1039 2234 1224 2344 quinque

172 2387 367 2497 partibus
386 2386 512 2470 Acidi
533 2387 771 2498 Sulphurici
789 2387 1006 2472 fortissimi
1025 2413 1049 2470 e
1065 2384 1227 2468 retorta

173 2540 326 2639 vitrea,
348 2538 484 2621 donec
503 2537 607 2621 nihil
631 2539 802 2647 liquidae
820 2539 1007 2622 materiae
1025 2535 1223 2649 supersit,

175 2692 372 2792 destilla3
427 2691 499 2773 Sal
530 2690 703 2786 Album,
741 2692 858 2799 quod
889 2703 1097 2792 remanet,
1133 2688 1226 2798 pari

175 2843 416 2951 quantitate
435 2840 543 2925 Salis
562 2840 768 2922 Culinaris
784 2853 955 2925 contere
972 2853 1100 2951 atque
1114 2841 1225 2922 hanc

173 2993 401 3075 mixturam
421 2992 614 3075 sublima.

235 3144 334 3225 Hoc
353 3142 585 3226 remedium
615 3142 765 3224 eodem
789 3143 933 3243 modo,
962 3143 1026 3224 uti
1054 3153 1225 3225 antece·

177 3295 339 3394 dentia,
375 3305 565 3393 attenua,
607 3303 650 3373 et
683 3292 853 3401 quidem
887 3294 943 3375 ad
976 3292 1225 3376 dilutionem

178 3444 386 3528 decimam
406 3442 609 3551 quintam.
745 3435 747 3439 ’

233 3595 364 3678 Dosis
377 3593 577 3676 z—Glob.
600 3594 644 3704 ij.
663 3595 836 3677 decimac
852 3595 1009 3702 quintae
1030 3607 1224 3680 attenua-

175 3747 316 3830 tionis.

232 3896 508 3979 Dura-Per
525 3895 766 4004 quindecim
785 3896 890 4002 dieo,
922 3897 1009 3979 imo
1041 3922 1118 4004 per
1137 3908 1224 3980 tres

177 4049 478 4134 hebdomadae.

234 4197 593 4309 Antid-Hepar
614 4199 849 4309 Sulphuris,
875 4197 1073 4306 Sulphur,
1095 4197 1221 4282 Cam·

651 4360 722 4434 nu
