3058 5040
513 351 869 426 uouoeornrumn.
1161 337 1214 410 83

445 547 708 620 JATROPHA
730 543 928 614 CURCAS.

449 712 583 789 Triginta
597 709 809 771 attenuationes
826 683 904 785 (X).

222 845 403 927 Succum
422 855 637 927 recentem
664 869 759 923 cum
784 840 877 949 pari
903 837 1083 948 Spiritus
1108 831 1211 914 Vini

154 995 402 1099 'quantitate
422 994 569 1092 misce,
594 1004 636 1075 et
655 992 783 1073 modo
803 991 1043 1100 plantarum
1057 1010 1204 1066 recen·

162 1140 270 1222 tium
289 1169 405 1250 para.
477 1143 586 1224 Cum
618 1141 778 1249 Spiritu
805 1137 906 1221 Vini
932 1138 1047 1218 dilue
1073 1156 1209 1238 usque

163 1289 219 1370 ad
239 1290 497 1397 trigesimam
519 1290 867 1372 attenuationem.

217 1440 275 1520 N.
295 1439 345 1520 B.
383 1437 426 1519 Si
444 1440 590 1547 planta
608 1465 756 1521 recens
783 1467 869 1521 non
899 1435 1082 1520 obtineri
1106 1457 1207 1541 pos-

162 1588 230 1684 sit,
272 1601 364 1669 tum
403 1589 586 1669 eundem
614 1589 805 1689 modum,
838 1615 923 1696 quo
962 1588 1016 1668 de
1054 1581 1210 1692 plantis

164 1736 291 1818 siccis
311 1748 572 1843 praeceptum
594 1751 674 1836 est,
698 1765 887 1846 sequere.

218 1884 353 1966 Dosis
372 1884 570 1968 :-Glob.
593 1887 620 1966 i.
642 1887 711 1968 vel
732 1885 777 1995 ij.
799 1885 1025 1994 trigesimae
1045 1895 1215 1966 attenu-

164 2034 333 2116 ationis.

453 2182 663 2252 IGNATIA
686 2182 862 2250 AMARA
893 2183 935 2247 L.
1073 2282 1077 2289 θ

470 2323 613 2433 (Faba
630 2324 691 2408 St.
712 2323 909 2433 Ignatii.)

434 2497 599 2558 Duodecim
612 2497 824 2557 attenuationes
844 2479 946 2575 (IV.)

222 2625 341 2704 Dum
362 2626 453 2707 haee
474 2623 635 2705 semina
653 2623 698 2728 in
716 2624 935 2729 pulverem
952 2623 1211 2730 rediguntur,

163 2774 411 2855 mortarium
442 2782 651 2882 perpetuo
677 2747 803 2878 'aqua
840 2770 1094 2870 calidissima
1130 2771 1210 2852 cir·

165 2915 333 3018 cumda,
354 2932 403 3002 ut
423 2920 624 3002 continuo
638 2917 906 3001 mediocriter
922 2921 1074 3020 caleat,
1093 2921 1215 3002 aliter

166 3068 280 3149 enim
300 3069 370 3150 hic
390 3068 512 3150 labor
529 3067 658 3175 paulo
674 3066 881 3147 difficilior
900 3068 1037 3149 fuerit.
1097 3067 1215 3149 Dein

164 3227 233 3297 ter
270 3244 367 3298 cum
404 3215 616 3298 Saccharo
653 3213 798 3295 Laetis
836 3226 879 3296 et
921 3216 1067 3297 novies
1115 3243 1211 3296 cum

168 3364 328 3472 Spiritu
351 3364 452 3446 Vini
474 3375 663 3461 attenua,
690 3372 738 3443 ut
770 3362 814 3441 in
844 3364 1039 3446 remediis
1070 3364 1209 3473 antip·
1331 3377 1335 3386 “

169 3510 327 3594 soricis.

225 3659 353 3742 Dosis
371 3659 566 3741 :—Glob.
589 3659 635 3759 i.,
657 3657 700 3766 ij.
716 3662 785 3742 vel
802 3659 860 3769 iij.
876 3689 1000 3748 nonae
1015 3663 1089 3748 vel*
1106 3669 1212 3752 duo·

170 3779 345 3890 decimae
367 3808 681 3890 attenuationis.

224 3956 673 4040 Durat-Effieacitas
688 3959 864 4040 remedii
884 3962 1022 4067 spatio
1037 3968 1219 4046 nonnul-

169 4108 307 4189 lorum
342 4106 504 4187 dierum
545 4106 859 4216 circumscripta
891 4122 971 4209 est,
1008 4111 1218 4198 interdum

557 4282 714 4353 'ed
824 4353 877 4380 ι,
