<?xml version="1.0" encoding="UTF-8"?>
<!DOCTYPE html PUBLIC "-//W3C//DTD XHTML 1.0 Transitional//EN"
    "http://www.w3.org/TR/xhtml1/DTD/xhtml1-transitional.dtd">
<html xmlns="http://www.w3.org/1999/xhtml" xml:lang="en" lang="en">
 <head>
  <title>
</title>
<meta http-equiv="Content-Type" content="text/html;charset=utf-8" />
  <meta name='ocr-system' content='tesseract 3.04.00' />
  <meta name='ocr-capabilities' content='ocr_page ocr_carea ocr_par ocr_line ocrx_word'/>
</head>
<body>
  <div class='ocr_page' id='page_1' title='image "./pharmacopoeiaho00quingoog_0148.png"; bbox 0 0 3058 5040; ppageno 0'>
   <div class='ocr_carea' id='block_1_1' title="bbox 552 345 1249 425">
    <p class='ocr_par' dir='ltr' id='par_1_1' title="bbox 552 345 1249 425">
     <span class='ocr_line' id='line_1_1' title="bbox 552 345 1249 425; baseline -0.006 -3"><span class='ocrx_word' id='word_1_1' title='bbox 552 370 908 425; x_wconf 78' lang='lat' dir='ltr'>HOMOEOPATHICA.</span> <span class='ocrx_word' id='word_1_2' title='bbox 1169 345 1249 419; x_wconf 83' lang='lat'>113</span> 
     </span>
    </p>
   </div>
   <div class='ocr_carea' id='block_1_2' title="bbox 458 638 988 726">
    <p class='ocr_par' dir='ltr' id='par_1_2' title="bbox 458 638 988 726">
     <span class='ocr_line' id='line_1_2' title="bbox 458 638 988 726; baseline 0.006 -24"><span class='ocrx_word' id='word_1_3' title='bbox 458 638 687 707; x_wconf 68' lang='lat' dir='ltr'>Pannona</span> <span class='ocrx_word' id='word_1_4' title='bbox 730 639 988 726; x_wconf 69' lang='lat' dir='ltr'>(nunnus.)</span> 
     </span>
    </p>
   </div>
   <div class='ocr_carea' id='block_1_3' title="bbox 523 787 914 886">
    <p class='ocr_par' dir='ltr' id='par_1_3' title="bbox 523 787 914 886">
     <span class='ocr_line' id='line_1_3' title="bbox 523 787 914 886; baseline -0.013 -22"><span class='ocrx_word' id='word_1_5' title='bbox 523 807 585 866; x_wconf 88' lang='lat' dir='ltr'>Sex</span> <span class='ocrx_word' id='word_1_6' title='bbox 598 803 810 886; x_wconf 72' lang='lat' dir='ltr'>attenuationes</span> <span class='ocrx_word' id='word_1_7' title='bbox 825 787 914 885; x_wconf 79' lang='lat' dir='ltr'>(ll).</span> 
     </span>
    </p>
   </div>
   <div class='ocr_carea' id='block_1_4' title="bbox 185 917 1242 3441">
    <p class='ocr_par' dir='ltr' id='par_1_4' title="bbox 187 917 1242 2698">
     <span class='ocr_line' id='line_1_4' title="bbox 251 917 1242 1057; baseline 0.001 -30"><span class='ocrx_word' id='word_1_8' title='bbox 251 944 428 1030; x_wconf 81' lang='lat' dir='ltr'>Plotinae</span> <span class='ocrx_word' id='word_1_9' title='bbox 447 946 639 1029; x_wconf 87' lang='lat' dir='ltr'>chemico</span> <span class='ocrx_word' id='word_1_10' title='bbox 654 947 831 1029; x_wconf 87' lang='lat' dir='ltr'>artifieio</span> <span class='ocrx_word' id='word_1_11' title='bbox 846 917 1036 1057; x_wconf 80' lang='lat' dir='ltr'>perfecte</span> <span class='ocrx_word' id='word_1_12' title='bbox 1051 958 1242 1057; x_wconf 85' lang='lat' dir='ltr'>purgatae</span> 
     </span>
     <span class='ocr_line' id='line_1_5' title="bbox 193 1095 1241 1206; baseline 0.001 -30"><span class='ocrx_word' id='word_1_13' title='bbox 193 1123 327 1203; x_wconf 86' lang='lat' dir='ltr'>grana</span> <span class='ocrx_word' id='word_1_14' title='bbox 344 1096 492 1206; x_wconf 88' lang='lat' dir='ltr'>viginti</span> <span class='ocrx_word' id='word_1_15' title='bbox 512 1095 662 1178; x_wconf 78' lang='lat' dir='ltr'>caloiis</span> <span class='ocrx_word' id='word_1_16' title='bbox 682 1123 763 1205; x_wconf 92' lang='lat' dir='ltr'>ope</span> <span class='ocrx_word' id='word_1_17' title='bbox 781 1097 827 1177; x_wconf 93' lang='lat' dir='ltr'>in</span> <span class='ocrx_word' id='word_1_18' title='bbox 841 1096 1128 1205; x_wconf 78' lang='lat' dir='ltr'>Aquanegia,</span> <span class='ocrx_word' id='word_1_19' title='bbox 1147 1122 1241 1203; x_wconf 86' lang='lat' dir='ltr'>quae</span> 
     </span>
     <span class='ocr_line' id='line_1_6' title="bbox 192 1242 1241 1354; baseline 0 -28"><span class='ocrx_word' id='word_1_20' title='bbox 192 1245 287 1354; x_wconf 83' lang='lat' dir='ltr'>pari</span> <span class='ocrx_word' id='word_1_21' title='bbox 318 1246 445 1328; x_wconf 89' lang='lat' dir='ltr'>Acidi</span> <span class='ocrx_word' id='word_1_22' title='bbox 476 1245 629 1328; x_wconf 88' lang='lat' dir='ltr'>Nitrici</span> <span class='ocrx_word' id='word_1_23' title='bbox 666 1255 709 1326; x_wconf 90' lang='lat' dir='ltr'>et</span> <span class='ocrx_word' id='word_1_24' title='bbox 748 1244 965 1326; x_wconf 87' lang='lat' dir='ltr'>Muriatioi</span> <span class='ocrx_word' id='word_1_25' title='bbox 1003 1242 1241 1352; x_wconf 88' lang='lat' dir='ltr'>quantitate</span> 
     </span>
     <span class='ocr_line' id='line_1_7' title="bbox 193 1394 1240 1495; baseline 0.001 -19"><span class='ocrx_word' id='word_1_26' title='bbox 193 1405 379 1495; x_wconf 85' lang='lat' dir='ltr'>constat,</span> <span class='ocrx_word' id='word_1_27' title='bbox 408 1397 538 1481; x_wconf 88' lang='lat' dir='ltr'>solve.</span> <span class='ocrx_word' id='word_1_28' title='bbox 598 1397 650 1478; x_wconf 94' lang='lat' dir='ltr'>In</span> <span class='ocrx_word' id='word_1_29' title='bbox 682 1394 793 1477; x_wconf 88' lang='lat' dir='ltr'>hanc</span> <span class='ocrx_word' id='word_1_30' title='bbox 828 1395 1096 1494; x_wconf 88' lang='lat' dir='ltr'>solutionem,</span> <span class='ocrx_word' id='word_1_31' title='bbox 1129 1395 1240 1477; x_wconf 88' lang='lat' dir='ltr'>flavo</span> 
     </span>
     <span class='ocr_line' id='line_1_8' title="bbox 190 1541 1241 1655; baseline -0.006 -27"><span class='ocrx_word' id='word_1_32' title='bbox 190 1544 370 1628; x_wconf 86' lang='lat' dir='ltr'>tinctam</span> <span class='ocrx_word' id='word_1_33' title='bbox 391 1547 548 1646; x_wconf 87' lang='lat' dir='ltr'>colore,</span> <span class='ocrx_word' id='word_1_34' title='bbox 569 1556 798 1655; x_wconf 84' lang='lat' dir='ltr'>postquam</span> <span class='ocrx_word' id='word_1_35' title='bbox 828 1545 940 1652; x_wconf 73' lang='lat' dir='ltr'>aqua</span> <span class='ocrx_word' id='word_1_36' title='bbox 965 1541 1114 1624; x_wconf 70' lang='lat' dir='ltr'>adfust</span> <span class='ocrx_word' id='word_1_37' title='bbox 1139 1541 1241 1623; x_wconf 88' lang='lat' dir='ltr'>satis</span> 
     </span>
     <span class='ocr_line' id='line_1_9' title="bbox 191 1689 1240 1800; baseline -0.004 -25"><span class='ocrx_word' id='word_1_38' title='bbox 191 1693 327 1776; x_wconf 91' lang='lat' dir='ltr'>diluta</span> <span class='ocrx_word' id='word_1_39' title='bbox 357 1705 438 1794; x_wconf 90' lang='lat' dir='ltr'>est,</span> <span class='ocrx_word' id='word_1_40' title='bbox 467 1693 668 1775; x_wconf 85' lang='lat' dir='ltr'>bacillum</span> <span class='ocrx_word' id='word_1_41' title='bbox 701 1718 725 1773; x_wconf 90' lang='lat' dir='ltr'>e</span> <span class='ocrx_word' id='word_1_42' title='bbox 757 1689 966 1800; x_wconf 87' lang='lat' dir='ltr'>chalybde</span> <span class='ocrx_word' id='word_1_43' title='bbox 996 1691 1240 1772; x_wconf 85' lang='lat' dir='ltr'>confectum</span> 
     </span>
     <span class='ocr_line' id='line_1_10' title="bbox 190 1839 1238 1950; baseline -0.004 -26"><span class='ocrx_word' id='word_1_44' title='bbox 190 1854 233 1924; x_wconf 90' lang='lat' dir='ltr'>et</span> <span class='ocrx_word' id='word_1_45' title='bbox 245 1839 545 1950; x_wconf 88' lang='lat' dir='ltr'>politissimum</span> <span class='ocrx_word' id='word_1_46' title='bbox 563 1840 759 1941; x_wconf 86' lang='lat' dir='ltr'><strong>immitte,</strong></span> <span class='ocrx_word' id='word_1_47' title='bbox 779 1839 895 1948; x_wconf 94' lang='lat' dir='ltr'>quod</span> <span class='ocrx_word' id='word_1_48' title='bbox 910 1839 1050 1922; x_wconf 92' lang='lat' dir='ltr'>subito</span> <span class='ocrx_word' id='word_1_49' title='bbox 1061 1839 1238 1923; x_wconf 84' lang='lat' dir='ltr'>Platinae</span> 
     </span>
     <span class='ocr_line' id='line_1_11' title="bbox 190 1987 1234 2099; baseline -0.005 -26"><span class='ocrx_word' id='word_1_50' title='bbox 190 1990 401 2099; x_wconf 80' lang='lat' dir='ltr'>crystallis</span> <span class='ocrx_word' id='word_1_51' title='bbox 415 1990 573 2072; x_wconf 86' lang='lat' dir='ltr'>cortice</span> <span class='ocrx_word' id='word_1_52' title='bbox 590 1989 710 2099; x_wconf 87' lang='lat' dir='ltr'>quasi</span> <span class='ocrx_word' id='word_1_53' title='bbox 722 1990 959 2072; x_wconf 90' lang='lat' dir='ltr'>obducitur.</span> <span class='ocrx_word' id='word_1_54' title='bbox 974 1987 976 1992; x_wconf 73' lang='grc'><strong>’</strong></span> <span class='ocrx_word' id='word_1_55' title='bbox 990 1989 1234 2090; x_wconf 84' lang='lat' dir='ltr'><strong>Metallum,</strong></span> 
     </span>
     <span class='ocr_line' id='line_1_12' title="bbox 190 2136 1235 2248; baseline -0.002 -26"><span class='ocrx_word' id='word_1_56' title='bbox 190 2141 309 2247; x_wconf 94' lang='lat' dir='ltr'>quod</span> <span class='ocrx_word' id='word_1_57' title='bbox 333 2139 395 2222; x_wconf 90' lang='lat' dir='ltr'>ita</span> <span class='ocrx_word' id='word_1_58' title='bbox 418 2149 701 2248; x_wconf 83' lang='lat' dir='ltr'>eomparatur,</span> <span class='ocrx_word' id='word_1_59' title='bbox 724 2139 998 2247; x_wconf 85' lang='lat' dir='ltr'>spongiosum</span> <span class='ocrx_word' id='word_1_60' title='bbox 1017 2149 1098 2238; x_wconf 86' lang='lat' dir='ltr'>est,</span> <span class='ocrx_word' id='word_1_61' title='bbox 1122 2136 1235 2220; x_wconf 86' lang='lat' dir='ltr'>cine-</span> 
     </span>
     <span class='ocr_line' id='line_1_13' title="bbox 187 2287 1239 2398; baseline -0.006 -25"><span class='ocrx_word' id='word_1_62' title='bbox 187 2318 326 2392; x_wconf 89' lang='lat' dir='ltr'><strong>reum,</strong></span> <span class='ocrx_word' id='word_1_63' title='bbox 351 2290 506 2372; x_wconf 89' lang='lat' dir='ltr'>nullius</span> <span class='ocrx_word' id='word_1_64' title='bbox 535 2288 788 2398; x_wconf 88' lang='lat' dir='ltr'>splendoris,</span> <span class='ocrx_word' id='word_1_65' title='bbox 810 2288 938 2370; x_wconf 95' lang='lat' dir='ltr'>molle</span> <span class='ocrx_word' id='word_1_66' title='bbox 970 2298 1100 2394; x_wconf 87' lang='lat' dir='ltr'>atque</span> <span class='ocrx_word' id='word_1_67' title='bbox 1125 2287 1239 2368; x_wconf 87' lang='lat' dir='ltr'>facili</span> 
     </span>
     <span class='ocr_line' id='line_1_14' title="bbox 188 2433 1238 2551; baseline -0.009 -27"><span class='ocrx_word' id='word_1_68' title='bbox 188 2440 324 2551; x_wconf 68' lang='lat' dir='ltr'>opera</span> <span class='ocrx_word' id='word_1_69' title='bbox 356 2439 400 2521; x_wconf 95' lang='lat' dir='ltr'>in</span> <span class='ocrx_word' id='word_1_70' title='bbox 432 2438 648 2547; x_wconf 89' lang='lat' dir='ltr'>pulverem</span> <span class='ocrx_word' id='word_1_71' title='bbox 680 2435 841 2520; x_wconf 86' lang='lat' dir='ltr'>conteri</span> <span class='ocrx_word' id='word_1_72' title='bbox 872 2446 1029 2546; x_wconf 89' lang='lat' dir='ltr'>potest.</span> <span class='ocrx_word' id='word_1_73' title='bbox 1094 2433 1238 2516; x_wconf 68' lang='lat' dir='ltr'>Multa</span> 
     </span>
     <span class='ocr_line' id='line_1_15' title="bbox 188 2585 1121 2698; baseline -0.009 -25"><span class='ocrx_word' id='word_1_74' title='bbox 188 2591 304 2698; x_wconf 71' lang='lat' dir='ltr'>aqut</span> <span class='ocrx_word' id='word_1_75' title='bbox 323 2599 519 2670; x_wconf 69' lang='lat' dir='ltr'>accinate</span> <span class='ocrx_word' id='word_1_76' title='bbox 542 2586 666 2669; x_wconf 83' lang='lat' dir='ltr'>ablue</span> <span class='ocrx_word' id='word_1_77' title='bbox 686 2599 815 2694; x_wconf 88' lang='lat' dir='ltr'>atque</span> <span class='ocrx_word' id='word_1_78' title='bbox 835 2587 975 2669; x_wconf 93' lang='lat' dir='ltr'>denuo</span> <span class='ocrx_word' id='word_1_79' title='bbox 995 2585 1121 2667; x_wconf 86' lang='lat' dir='ltr'>sicea.</span> 
     </span>
    </p>

    <p class='ocr_par' dir='ltr' id='par_1_5' title="bbox 185 2734 1237 2988">
     <span class='ocr_line' id='line_1_16' title="bbox 247 2734 1237 2845; baseline -0.006 -24"><span class='ocrx_word' id='word_1_80' title='bbox 247 2738 348 2821; x_wconf 91' lang='lat' dir='ltr'>Hoo</span> <span class='ocrx_word' id='word_1_81' title='bbox 381 2762 550 2845; x_wconf 88' lang='lat' dir='ltr'>corpus,</span> <span class='ocrx_word' id='word_1_82' title='bbox 577 2735 728 2817; x_wconf 92' lang='lat' dir='ltr'>eodem</span> <span class='ocrx_word' id='word_1_83' title='bbox 758 2735 903 2834; x_wconf 91' lang='lat' dir='ltr'>mod0,</span> <span class='ocrx_word' id='word_1_84' title='bbox 933 2761 1018 2842; x_wconf 92' lang='lat' dir='ltr'>quo</span> <span class='ocrx_word' id='word_1_85' title='bbox 1048 2734 1237 2843; x_wconf 89' lang='lat' dir='ltr'>antipso-</span> 
     </span>
     <span class='ocr_line' id='line_1_17' title="bbox 185 2887 465 2988; baseline -0.018 -18"><span class='ocrx_word' id='word_1_86' title='bbox 185 2887 291 2988; x_wconf 84' lang='lat' dir='ltr'>rica,</span> <span class='ocrx_word' id='word_1_87' title='bbox 315 2897 465 2967; x_wconf 85' lang='lat' dir='ltr'>tracta.</span> 
     </span>
    </p>

    <p class='ocr_par' dir='ltr' id='par_1_6' title="bbox 244 3030 1231 3142">
     <span class='ocr_line' id='line_1_18' title="bbox 244 3030 1231 3142; baseline -0.008 -23"><span class='ocrx_word' id='word_1_88' title='bbox 244 3034 545 3121; x_wconf 85' lang='lat' dir='ltr'>Dos.-Glob.</span> <span class='ocrx_word' id='word_1_89' title='bbox 567 3035 594 3115; x_wconf 94' lang='lat' dir='ltr'>i.</span> <span class='ocrx_word' id='word_1_90' title='bbox 615 3034 684 3116; x_wconf 90' lang='lat' dir='ltr'>vel</span> <span class='ocrx_word' id='word_1_91' title='bbox 697 3032 741 3142; x_wconf 91' lang='lat' dir='ltr'>ij.</span> <span class='ocrx_word' id='word_1_92' title='bbox 767 3042 897 3114; x_wconf 84' lang='lat' dir='ltr'>sextae</span> <span class='ocrx_word' id='word_1_93' title='bbox 916 3030 1231 3114; x_wconf 82' lang='lat' dir='ltr'>attenuationis.</span> 
     </span>
    </p>

    <p class='ocr_par' dir='ltr' id='par_1_7' title="bbox 243 3181 1119 3290">
     <span class='ocr_line' id='line_1_19' title="bbox 243 3181 1119 3290; baseline -0.007 -20"><span class='ocrx_word' id='word_1_94' title='bbox 243 3188 428 3271; x_wconf 88' lang='lat' dir='ltr'>Duratio</span> <span class='ocrx_word' id='word_1_95' title='bbox 443 3185 591 3270; x_wconf 82' lang='lat' dir='ltr'>:—-Per</span> <span class='ocrx_word' id='word_1_96' title='bbox 609 3186 708 3268; x_wconf 90' lang='lat' dir='ltr'>fere.</span> <span class='ocrx_word' id='word_1_97' title='bbox 719 3181 1000 3290; x_wconf 87' lang='lat' dir='ltr'>quadraginta</span> <span class='ocrx_word' id='word_1_98' title='bbox 1018 3182 1119 3264; x_wconf 90' lang='lat' dir='ltr'>dies.</span> 
     </span>
    </p>

    <p class='ocr_par' dir='ltr' id='par_1_8' title="bbox 244 3315 1186 3441">
     <span class='ocr_line' id='line_1_20' title="bbox 244 3315 1186 3441; baseline -0.006 -22"><span class='ocrx_word' id='word_1_99' title='bbox 244 3315 667 3421; x_wconf 64' lang='lat' dir='ltr'>Antid.ss—Pulsatilla</span> <span class='ocrx_word' id='word_1_100' title='bbox 686 3331 778 3441; x_wconf 88' lang='lat' dir='ltr'>ejus</span> <span class='ocrx_word' id='word_1_101' title='bbox 797 3333 908 3416; x_wconf 88' lang='lat' dir='ltr'>vires</span> <span class='ocrx_word' id='word_1_102' title='bbox 931 3332 1186 3441; x_wconf 83' lang='lat' dir='ltr'>compescit.¹</span> 
     </span>
    </p>
   </div>
   <div class='ocr_carea' id='block_1_5' title="bbox 446 3615 974 3877">
    <p class='ocr_par' dir='ltr' id='par_1_9' title="bbox 446 3615 974 3877">
     <span class='ocr_line' id='line_1_21' title="bbox 446 3615 974 3686; baseline -0.009 -2"><span class='ocrx_word' id='word_1_103' title='bbox 446 3617 687 3686; x_wconf 92' lang='lat' dir='ltr'><strong>PLUMBUM</strong></span> <span class='ocrx_word' id='word_1_104' title='bbox 710 3615 974 3682; x_wconf 81' lang='lat' dir='ltr'><strong>ACETICUM.</strong></span> 
     </span>
     <span class='ocr_line' id='line_1_22' title="bbox 454 3762 967 3877; baseline -0.008 -29"><span class='ocrx_word' id='word_1_105' title='bbox 454 3768 736 3877; x_wconf 79' lang='lat' dir='ltr'>(Saoohaium</span> <span class='ocrx_word' id='word_1_106' title='bbox 757 3762 967 3872; x_wconf 89' lang='lat' dir='ltr'>Saturni.)</span> 
     </span>
    </p>
   </div>
   <div class='ocr_carea' id='block_1_6' title="bbox 328 3952 970 4056">
    <p class='ocr_par' dir='ltr' id='par_1_10' title="bbox 328 3952 970 4056">
     <span class='ocr_line' id='line_1_23' title="bbox 328 3952 970 4056; baseline -0.022 -18"><span class='ocrx_word' id='word_1_107' title='bbox 328 4049 331 4056; x_wconf 68' lang='lat'><em>,</em></span> <span class='ocrx_word' id='word_1_108' title='bbox 456 3975 622 4035; x_wconf 88' lang='lat' dir='ltr'>Duodecim</span> <span class='ocrx_word' id='word_1_109' title='bbox 635 3973 848 4033; x_wconf 83' lang='lat' dir='ltr'>attenuationes</span> <span class='ocrx_word' id='word_1_110' title='bbox 869 3952 970 4051; x_wconf 81' lang='lat' dir='ltr'><strong>(IV).</strong></span> 
     </span>
    </p>
   </div>
   <div class='ocr_carea' id='block_1_7' title="bbox 242 4114 1236 4345">
    <p class='ocr_par' dir='ltr' id='par_1_11' title="bbox 242 4114 1236 4345">
     <span class='ocr_line' id='line_1_24' title="bbox 242 4114 1236 4225; baseline -0.008 -17"><span class='ocrx_word' id='word_1_111' title='bbox 242 4126 315 4208; x_wconf 93' lang='lat' dir='ltr'>Ad</span> <span class='ocrx_word' id='word_1_112' title='bbox 328 4121 555 4206; x_wconf 89' lang='lat' dir='ltr'>Plumbum</span> <span class='ocrx_word' id='word_1_113' title='bbox 568 4116 792 4201; x_wconf 87' lang='lat' dir='ltr'>Aoetieum</span> <span class='ocrx_word' id='word_1_114' title='bbox 806 4117 1056 4225; x_wconf 87' lang='lat' dir='ltr'>parandum,</span> <span class='ocrx_word' id='word_1_115' title='bbox 1069 4114 1236 4211; x_wconf 84' lang='lat' dir='ltr'>Plumbi</span> 
     </span>
     <span class='ocr_line' id='line_1_25' title="bbox 700 4293 733 4345; baseline 0 -42"><span class='ocrx_word' id='word_1_116' title='bbox 700 4293 733 4345; x_wconf 64' lang='grc' dir='ltr'>Ι,</span> 
     </span>
    </p>
   </div>
   <div class='ocr_carea' id='block_1_8' title="bbox 0 0 1534 5040">
    <p class='ocr_par' dir='ltr' id='par_1_12' title="bbox 0 0 1534 5040">
     <span class='ocr_line' id='line_1_26' title="bbox 0 0 1534 5040; baseline 0 4"><span class='ocrx_word' id='word_1_117' title='bbox 0 0 1534 5040; x_wconf 95' lang='lat' dir='ltr'> </span> 
     </span>
    </p>
   </div>
  </div>
 </body>
</html>
