3058 5040
291 383 346 465 70
643 403 992 458 rflnunrncororrn

295 591 425 675 onem
441 569 671 675 explicant,
692 597 779 678 quo
794 570 1014 651 medicinae
1033 567 1096 649 vis
1114 592 1202 647 non
1221 564 1343 674 perdi

294 718 369 797 sed
388 719 533 825 augeri
551 719 731 802 videtur.

348 866 481 948 Dosis
500 903 508 948 :
527 917 572 928 —
588 868 716 949 Glob.
739 868 780 975 ij.
802 869 871 951 vel
896 869 955 977 iij.
972 868 1200 976 trigesimae
1231 877 1341 948 atte-

296 1015 520 1100 nuationis.
591 1115 594 1118 .

349 1166 776 1250 Antid-Aconitum
794 1168 1017 1275 Napellus,
1030 1166 1133 1248 Nux
1145 1167 1339 1262 Vomica,

297 1313 591 1416 chamomilla,
614 1318 793 1425 Ignatia.

469 1513 755 1580 COLCHICUM
782 1512 1096 1579 AUTUMNALE
1129 1513 1168 1577 L.

565 1667 740 1732 Quindecim
755 1666 968 1725 attenuationes
991 1649 1073 1742 (V).

351 1805 514 1891 Bulbos
527 1836 657 1890 verno
672 1823 864 1917 tempore
876 1821 998 1890 terrae
1016 1821 1223 1908 exemtos,
1240 1809 1342 1890 dum

297 1969 490 2039 recentes
520 1971 633 2058 sunt,
655 1986 791 2066 purga
819 1972 862 2040 et
893 1959 1045 2040 deinde
1081 1957 1136 2039 ad
1168 1959 1342 2039 modum

296 2109 533 2216 plantarum
552 2106 784 2188 recentium
806 2118 953 2189 tracta.

351 2249 485 2336 Dosis
503 2254 696 2337 2-Glob.
727 2255 770 2362 ij.
796 2258 866 2337 vel
890 2255 947 2362 iij.
980 2283 1104 2337 nonae
1133 2254 1203 2337 vel
1233 2257 1339 2337 duo·

297 2396 472 2485 decimae
489 2404 559 2487 vel
578 2401 752 2484 decimae
773 2405 930 2510 quintae
949 2406 993 2485 in
1008 2404 1167 2486 morbis
1187 2403 1338 2503 acutis,

295 2554 432 2633 tertiae
452 2578 552 2634 vcro
571 2555 641 2634 vel
661 2565 791 2635 sextae
818 2553 1119 2637 attenuationis
1143 2555 1189 2634 in
1217 2554 1339 2634 chro-

295 2702 413 2785 nicis,

352 2845 535 2933 Duratio
556 2849 700 2932 :-Per
718 2855 859 2961 plures
877 2853 1182 2935 hebdomadas,

637 3057 996 3124 COLOCYNTHIS.

524 3206 743 3313 (Cueumis
767 3208 1043 3316 Colocynthis
1057 3209 1129 3312 L.)

586 3391 721 3466 Triginta
734 3391 946 3450 attenuationes
968 3374 1048 3469 (X).

354 3536 533 3617 Fructus
551 3534 596 3613 in
615 3533 833 3639 pulverem
848 3536 1047 3618 redactos
1071 3536 1161 3618 sine
1191 3538 1343 3620 caloris

291 3713 381 3796 -ope
401 3708 505 3793 para
525 3682 676 3765 eodem
692 3683 838 3782 mod0,
863 3709 948 3789 quo
970 3685 1023 3765 de
1042 3685 1198 3792 plantis
1219 3685 1342 3768 siccis

298 3838 531 3920 indicatum
550 3844 629 3929 est,
658 3843 701 3912 et
721 3857 797 3938 per
821 3830 1134 3914 hebdomadam
1153 3860 1339 3942 sepone:

300 3983 489 4096 quotidie
507 3981 574 4064 bis
595 3981 709 4087 agita
728 3992 771 4062 et
787 3979 886 4060 dein
901 3980 962 4060 ad
985 3982 1249 4088 trigesimam
1278 3995 1343 4064 at.

298 4131 587 4220 tenuationem
607 4129 730 4212 dilue.
