3058 5040
286 374 364 448 134
637 399 993 456 ,erinanncorcrm

524 595 799 664 SULPHURIS
821 596 1088 664 TlNcTURA.

474 763 680 872 (Spiritus
699 765 800 847 Vini
820 764 1142 875 Sulphuratus.)

572 933 706 1013 Triginta
719 935 931 994 attenuationes
958 915 1043 1010 (X)-

290 1075 299 1086 ’
341 1083 494 1165 Granis
516 1085 702 1200 quinque
733 1085 907 1166 Florum
928 1083 1149 1193 Sulphuris
1172 1081 1331 1192 Spiritu

281 1234 383 1316 Vini
403 1234 575 1335 ablutis,
599 1247 728 1343 atque
754 1235 907 1318 deinde
929 1235 1114 1335 siccatis
1136 1235 1180 1315 in
1198 1233 1333 1343 parva

282 1378 437 1484 lagena
449 1388 620 1458 centum
640 1376 822 1485 Spiritus
842 1377 944 1459 Vini
958 1389 1102 1485 guttas
1114 1375 1327 1472 adfunde3

283 1554 368 1636 quo
388 1527 520 1628 facta,
548 1529 744 1636 lagenam
769 1525 880 1611 bene
910 1529 1097 1610 clausum
1127 1528 1242 1608 lente
1262 1525 1328 1607 in·

281 1689 414 1778 verte,
422 1675 489 1758 bis
504 1689 699 1778 concute,
717 1689 861 1785 atque,
874 1688 922 1759 ut
939 1677 1124 1785 Sulphur
1132 1675 1330 1759 decidere

281 1827 432 1937 possit,
453 1827 550 1909 loco
568 1826 722 1934 frigido
739 1852 817 1934 per
834 1828 961 1908 horas
981 1825 1132 1934 viginti
1148 1835 1332 1933 quatuor

279 2003 450 2087 repone.
503 1977 644 2059 Unam
662 1976 787 2086 hujus
808 1989 974 2084 guttam
986 2003 1083 2060 cum
1096 1975 1331 2083 nonaginta

280 2153 435 2210 novem
452 2127 596 2209 misce.
658 2127 758 2209 Hoc
776 2126 956 2235 primam
979 2125 1201 2208 constituit
1221 2135 1330 2206 atte-

279 2278 538 2360 nuationem.
608 2277 774 2361 Eodem
813 2277 943 2361 modo
975 2304 1080 2386 para
1109 2302 1244 2385 usque
1274 2273 1331 2358 ad

280 2428 553 2537 trigesimam.

335 2579 469 2660 Dosis
488 2577 688 2664 r—Glob.
710 2579 756 2679 i.,
783 2578 827 2690 ij.
849 2579 918 2661 vel
936 2576 994 2686 iij.
1016 2575 1242 2683 trigesimae
1260 2586 1328 2658 at·

278 2727 548 2812 tenuationis.

333 2876 612 2961 Durat-Ad
629 2878 818 2987 triginta,
842 2876 1123 2984 quadraginta
1142 2887 1185 2958 et
1206 2876 1332 2986 quin-

280 3028 484 3138 quaginta
502 3031 606 3114 dies.
1204 3049 1206 3054 ’

335 3156 793 3289 Amin—camphora,
814 3180 1047 3283 Pulsatilla,
1063 3179 1205 3289 Sepia,
1226 3179 1330 3262 Nux

279 3321 472 3404 Vomica.

399 3563 672 3634 SULPHURIS
695 3566 865 3632 HEPAR
888 3565 1204 3632 CALCAREUM.

291 3675 295 3686 ι
534 3716 761 3826 (Calcarea
779 3715 1071 3827 Sulphurata.)

611 3893 685 3952 Tres
699 3894 911 3953 attenuationes
926 3876 991 3970 (Ι).

289 4133 295 4150 ,
334 4043 474 4128 Misce
504 4065 651 4152 parem
680 4036 962 4146 quantitatem
992 4037 1249 4122 concharum
1280 4040 1326 4121 in

276 4195 493 4306 pulverem
527 4186 843 4274 subtilissimum
872 4187 1140 4274 redacturum
1160 4202 1203 4272 et
1222 4191 1324 4272 Flo·
