3058 5040
530 409 885 464 noumorarmca.
1177 371 1233 464 69

241 576 448 658 Duratio:
470 623 516 634 —-
537 574 637 656 Hoc
673 573 919 670 remedium,
954 569 1027 650 ubi
1067 566 1228 672 majore

185 725 424 831 quantitate
443 724 680 823 adhibetur,
700 750 776 830 per
795 746 949 803 novem
968 719 1058 801 dies
1077 718 1227 798 efficax

182 899 279 954 sese
298 886 483 980 praestat.

243 1021 684 1131 Antid-Camphora
702 1022 812 1104 vires
834 1019 1076 1127 compescit.

462 1281 649 1348 COFFEA
672 1277 893 1347 ARABlCA
917 1278 957 1342 L.

511 1456 586 1516 Tres
600 1456 812 1516 attenuationes
839 1436 903 1532 (l).

242 1610 506 1690 Drachmam
518 1608 724 1688 seminum
738 1606 897 1688 Coffeae
911 1605 1108 1687 Arabicae
1121 1606 1231 1713 opti-

186 1782 354 1837 morum
366 1756 409 1834 in
421 1753 564 1836 lebete
577 1754 731 1850 ferreo,
747 1754 820 1859 qui
830 1754 1098 1835 mediocriter
1111 1753 1234 1850 calet,

188 1907 234 1983 in
270 1903 487 2010 pulverem
519 1901 687 2007 redige3
733 1902 849 2007 quod
878 1902 979 1982 dum
1005 1905 1069 2001 fit,
1097 1930 1238 1984 massa

188 2052 415 2158 aliquoties
445 2051 643 2159 spathula
670 2053 825 2131 cornea
848 2063 1037 2133 versetur
1062 2077 1235 2133 necesse

189 2212 270 2283 est.
329 2200 495 2282 Pulveri
513 2199 574 2280 ita
598 2211 747 2307 parato
770 2201 814 2281 in
842 2226 944 2282 vase
972 2200 1108 2294 vitreo
1131 2202 1236 2284 duo-

112 2451 118 2458 ·
189 2350 331 2431 decim
349 2348 571 2429 drachmas
585 2346 763 2456 Spiritus
774 2349 876 2431 Vini
891 2349 1088 2430 adfunde.
1121 2350 1235 2432 Octo

183 2497 342 2614 ⁴diebus
373 2495 657 2604 praeterlapsis
689 2498 898 2606 liquorem
933 2498 986 2579 ab
1021 2525 1090 2596 ec,
1122 2501 1239 2607 quod

189 2646 366 2744 decidit,
389 2672 550 2752 separa.
610 2646 847 2747 Pulverem,
872 2648 1010 2754 quiin
1034 2647 1119 2728 imo
1138 2677 1239 2730 vase

189 2797 341 2893 haeret,
364 2821 512 2903 pressu
531 2794 585 2875 ab
611 2794 726 2874 omni
748 2795 925 2877 humore
945 2795 1171 2876 liberatum
1196 2798 1239 2877 in

189 2944 353 3025 retorta
365 2943 501 3024 vitrea
520 2971 614 3023 cum
635 2955 817 3049 quatuor
828 2945 961 3026 unciis
974 2942 1109 3052 Aquae
1122 2947 1238 3028 Des-

189 3093 337 3173 tillatae
376 3119 428 3172 eo
466 3118 601 3197 usque
640 3118 793 3199 coque,
827 3093 964 3177 donec
999 3096 1125 3175 uncia
1156 3123 1242 3176 una

190 3253 350 3339 1·estet;
383 3241 591 3347 liquorem
612 3241 797 3321 colatum
815 3268 911 3321 cum
940 3243 1124 3324 tinctura
1152 3245 1240 3351 spi-

113 3381 115 3388 ’
192 3390 353 3471 fituosa
387 3390 627 3472 commisce.
689 3391 831 3498 Hujus
868 3391 1060 3474 mixturae
1098 3403 1244 3500 guttas

181 3538 344 3646 'viginti
377 3539 509 3646 guttis
537 3537 715 3647 Spiritus
742 3539 844 3620 Vini
878 3542 1097 3657 octoginta
1127 3570 1242 3624 com-

189 3687 320 3769 misce
341 3699 471 3794 atque
492 3686 558 3769 bis
579 3689 706 3795 agita.
769 3689 867 3771 Hoc
886 3690 1064 3799 primam
1084 3695 1243 3775 consti-

189 3835 270 3916 tuit
290 3836 639 3919 attenuationem.

249 3983 413 4066 Medici
432 3988 625 4068 recenter
642 3989 726 4069 hoc
749 3990 982 4071 remedium
1005 3993 1134 4074 modo
1164 4023 1242 4076 an-

189 4133 390 4243 tipsorico
413 4148 567 4242 parant
587 4149 630 4219 et
659 4137 714 4218 ad
733 4138 991 4246 trigesimam
1012 4143 1242 4227 attenuati„
1379 4149 1383 4155 ’
