3058 5040
306 329 361 411 74
658 325 1004 410 rnaartacormrn

504 583 775 649 CYCLAMEN
799 583 1091 650 EUROPAEUM
1116 584 1155 649 L.

1006 688 1015 721 1

593 728 729 794 Quatuor
742 731 954 789 attenuationes
970 705 1065 804 (Th

365 846 546 927 Succum
565 874 589 928 e
608 850 768 929 recenti
788 849 928 930 radice
955 873 1201 957 expressum
1224 857 1352 951 atque

306 996 398 1104 pari
445 998 680 1104 quantitate
727 998 907 1107 Spiritus
941 998 1041 1078 Vini
1080 996 1353 1078 commixtum

303 1146 499 1228 tincturis
517 1149 715 1256 parandis
736 1147 907 1247 adhibe,
930 1148 1047 1228 etad
1068 1157 1263 1254 quartam
1284 1156 1349 1225 at·

309 1295 598 1376 tenuationem
619 1298 797 1406 explica.

362 1444 698 1528 Dosisz-Glob.
722 1445 765 1554 ij.
791 1459 950 1555 quartae
970 1444 1283 1527 attenuationis.

522 1761 773 1827 DIGITALIS
804 1761 1074 1828 PURPUREA
1097 1762 1138 1825 L.

600 1905 734 1983 Triginta
747 1909 959 1966 attenuationes
974 1888 1059 1985 (X).

362 2035 515 2116 Mense
543 2034 679 2134 Maio,
713 2047 941 2141 antequam
971 2036 1108 2130 floret,
1133 2045 1205 2116 est
1232 2031 1351 2114 colli·

306 2183 456 2291 genda

361 2331 483 2412 Folia
500 2343 667 2412 tantum
687 2329 842 2412 adhibe
862 2343 905 2413 et
926 2359 1054 2439 quam
1080 2332 1260 2412 maxime
1283 2357 1350 2412 re·

308 2480 449 2562 centia
482 2480 682 2587 exprime.
742 2480 937 2561 Eundem
966 2480 1156 2578 modum,
1186 2479 1353 2586 quode

305 2627 463 2735 plantis
482 2626 724 2710 recentibus
753 2639 1013 2737 praeceptum
1043 2639 1123 2727 est,
1152 2653 1348 2734 sequerc3

308 2776 406 2857 debr
425 2777 479 2857 ad
497 2761 756 2883 trigesimam
777 2775 1110 2858 attenuationem
1129 2775 1254 2858 dilue.

363 2924 706 3009 Dosisz-Glob
727 2926 773 3035 ij.
796 2925 970 3008 decimae
1000 2925 1159 3032 quintae
1184 2935 1354 3007 attenu-

308 3076 461 3160 ationis
489 3077 533 3158 in
560 3077 774 3185 plerisque
803 3075 975 3174 morbis,
1001 3075 1227 3182 trigesimae
1252 3102 1353 3157 vero

306 3226 351 3305 in
379 3225 538 3309 morbis
572 3226 708 3308 acutis
742 3237 871 3333 atquc
901 3226 1103 3332 aegrotis·
1126 3226 1199 3332 qui
1229 3225 1353 3306 valde

308 3386 406 3456 sunt
423 3363 659 3457 irritabiles.

363 3525 750 3607 Duratio:-Dosis
777 3537 866 3608 tam
899 3553 1030 3635 parra
1060 3527 1354 3610 efficacitatem

307 3698 428 3754 suam
444 3698 522 3780 per
538 3673 679 3780 plures
698 3674 804 3773 dies,
826 3674 960 3783 major
978 3703 1094 3776 vero,
1131 3703 1259 3784 quam
1277 3704 1355 3785 par

300 3831 387 3917 est,
408 3848 484 3929 per
498 3849 573 3903 sex
590 3823 880 3906 hebdomadas
896 3851 1143 3910 conservare
1161 3827 1282 3909 solet.

364 3970 596 4053 Antidotus
612 3971 849 4080 2-Opium.
