3084 5040
523 409 878 466 nonmornrfflcn.
1177 387 1231 464 35

181 581 248 652 tus
277 572 418 681 liquor
449 574 558 684 ignis
591 603 673 685 ope
703 579 748 660 in
781 579 930 688 patera
960 575 1230 688 porcellanet

59 789 63 796 .
179 717 412 830 inspissari,
434 724 682 834 inspissatur.
708 751 809 838 vero
829 729 927 837 igne
949 729 1157 811 candente
1176 725 1228 805 li-

180 872 354 978 quefieri
385 873 526 957 debet.
586 877 769 958 Acidum
799 878 1133 987 Phosphoricum
1160 876 1227 956 fu-

177 1045 287 1146 sum,
326 1025 442 1130 quod
475 1025 765 1135 crystallorum
799 1029 1033 1137 puritatem·
1057 1055 1143 1137 prae
1179 1049 1225 1106 se

175 1171 286 1254 ferre
308 1172 455 1275 debet,
477 1175 578 1258 dum
597 1177 724 1278 calet,
746 1178 790 1259 in
809 1178 945 1260 frusta
962 1203 1093 1286 parva
1108 1201 1225 1258 oom-

175 1321 385 1405 minutum
403 1323 447 1405 in
478 1349 579 1406 vase
610 1324 747 1409 vitreo
779 1325 902 1409 bene·
922 1327 1065 1408 clauso
1095 1350 1221 1433 repo·

173 1472 363 1555 nendum
396 1485 476 1573 est,
512 1500 609 1557 cum
644 1479 740 1558 aere
769 1475 998 1558 accedente
1031 1472 1149 1558 brevi
1179 1485 1222 1555 et

173 1621 301 1731 plane
333 1621 505 1731 quidem
537 1623 581 1705 in
615 1624 785 1708 laticem
817 1625 946 1733 paulo
981 1609 1221 1732 spissiorem

172 1785 375 1855 mutetur.

224 1923 284 2003 N.
305 1922 659 2032 B.—Simplioius
685 1924 822 2033 parari
852 1935 996 2033 potest
1022 1925 1057 2007 si
1087 1925 1222 2007 Phos-

169 2072 331 2181 phorus
348 2073 392 2156 in
408 2074 546 2155 Acido
574 2072 738 2156 Nitrico
766 2083 973 2183 coquatur
1003 2085 1046 2156 et
1067 2074 1220 2156 deinde

171 2222 226 2302 ad
255 2221 400 2329 ignem
431 2223 685 2305 candentem
712 2221 973 2331 subjiciatur,
1006 2221 1105 2331 quia
1123 2225 1219 2307 Aci-

171 2369 275 2452 dum
304 2370 653 2481 Phosphoricum‚
686 2373 801 2480 quod
827 2399 880 2454 ex
910 2367 1076 2455 ossibus
1097 2375 1218 2458 caloi-

170 2521 281 2603 natis
294 2546 376 2628 ope
387 2520 510 2602 Acidi
521 2519 759 2628 Sulphurici
768 2532 954 2629 paratur,
968 2523 1217 2636 plerumque

170 2669 312 2753 Calcis
330 2669 617 2778 Phosphatem
637 2681 680 2752 et
702 2668 951 2790 Sulphatem
971 2672 1171 2758 continet.

222 2819 472 2926 Nonaginta
483 2819 770 2927 guttasAquae
780 2819 1021 2903 Destillatoe
1031 2850 1128 2906 cum
1142 2826 1218 2909 de-

169 2996 263 3051 cem
281 2967 413 3075 guttis
435 2967 614 3076 Spiritus
632 2967 735 3050 Vini
753 2969 898 3069 misce,
922 2982 1050 3079 atque
1070 2973 1114 3055 in
1132 2975 1216 3059 hoc

167 3111 464 3224 liquoreAcidi
474 3114 752 3225 Phosphorici
766 3144 943 3224 granum
953 3144 1083 3201 unum
1099 3121 1216 3208 solve

170 3276 212 3347 et
231 3263 299 3346 bis
315 3263 446 3372 agita,
464 3289 558 3371 quoe
576 3265 756 3373 primam
769 3265 1103 3350 attenuationem
1118 3297 1216 3356 con·

169 3411 318 3495 stituit.
377 3408 582 3519 Reliquas
603 3424 706 3495 octo
718 3413 1033 3500 attenuationes
1060 3417 1217 3529 Spiritu

168 3561 270 3643 Vini
281 3587 368 3643 non
386 3557 520 3642 diluto
539 3586 659 3669 para.

223 3709 355 3794 Dosis
372 3707 574 3792 2—Glob.
593 3709 637 3819 ij.
659 3737 781 3791 nonoe
802 3714 1115 3799 attenuationis.

222 3860 404 3942 Duratio
421 3859 572 3942 z-Per
592 3859 872 3968 quadraginta
890 3861 979 3945 dies
1000 3876 1043 3946 et
1063 3867 1183 3950 ultra.

222 4007 554 4093 Antid.-Vires
585 4009 675 4119 ejus
717 4009 959 4121 Camphort
988 4028 1032 4098 et
1067 4018 1216 4107 Ooffea

166 4157 423 4268 mitigantur.

644 4320 713 4394 nt
