3084 5040
309 371 359 442 14
654 391 1005 458 ennuuacormm

300 558 409 640 tario
428 558 611 666 lapide0,
634 559 719 658 vel,
741 560 777 640 si
794 585 971 640 necesse
992 558 1062 659 sit,
1084 557 1129 639 in
1146 555 1347 639 mortario

300 712 455 809 senec,
474 722 603 818 atque
625 710 775 792 adfust
793 710 962 819 spiritus
980 710 1067 793 vini
1093 711 1195 820 aptd
1215 735 1346 819 quan-

261 966 262 970 Ν
299 863 424 943 titate
453 852 685 943 'tincturam
723 889 777 942 ex
814 887 865 942 eo
905 859 986 944 sibi
1025 872 1168 970 parat;
1217 887 1347 968 quam

190 1115 193 1126 s
301 1015 446 1122 elapso
479 1025 672 1121 tempore
703 1010 959 1112 necessario,
993 1012 1124 1119 quod,
1160 1012 1261 1094 dum
1292 1011 1345 1092 de

301 1163 475 1273 singulis
493 1161 690 1244 remediis
714 1189 852 1244 sermo
880 1160 974 1263 erit,
995 1161 1266 1260 indicabitur,
1290 1162 1345 1244 de

298 1315 473 1424 pulvere
492 1315 684 1396 defusam
702 1312 814 1394 bene
834 1313 1038 1395 recondit.
1089 1312 1211 1395 Idem
1230 1295 1345 1397 valet

301 1465 354 1546 de
381 1463 577 1545 remediis
607 1463 856 1573 peregrinis,
880 1491 973 1572 quae
1001 1463 1197 1546 animalia
1219 1465 1344 1572 largi·

299 1626 428 1697 untur
450 1626 493 1695 et
523 1641 618 1721 quae
646 1642 733 1695 non
762 1614 844 1696 nisi
869 1616 982 1697 sicca
1007 1617 1063 1696 ad
1090 1645 1169 1699 nos
1193 1644 1344 1725 perve-

299 1767 434 1847 niunt.

352 1917 424 1997 Ad
451 1943 589 2025 pauca
609 1915 745 1998 solum
774 1943 953 2025 corpora
981 1918 1148 2001 medica
1176 1921 1343 2005 solven-

298 2068 416 2168 dum,
437 2068 616 2176 Spiritus
637 2068 805 2152 aetheris
825 2069 966 2152 nitrici
976 2081 1041 2152 est
1063 2071 1341 2172 adhibendus,

295 2221 425 2328 idque
446 2221 574 2302 etiam
592 2221 637 2302 in
664 2221 800 2330 primt
829 2211 1320 2307 tantum'attenuatione'
1326 2260 1338 2325 3

297 2382 525 2480 sequentes
549 2400 652 2454 vero
683 2371 995 2454 attenuationes
1024 2373 1183 2459 usitato
1214 2376 1341 2460 modo

298 2521 386 2603 fieri
407 2520 579 2603 debent.

493 2801 552 2856 DE
573 2801 691 2856 MODO
715 2803 913 2859 PARANDI
934 2807 1144 2861 METALLA·

351 2955 532 3038 Metalla
570 2957 729 3064 duplici
765 2959 894 3041 modo
927 2973 1174 3045 tractantur.
1233 2964 1340 3048 Aliis

295 3106 631 3189 Hahnemannus
643 3107 775 3191 utitur
787 3110 1109 3212 solutis,aliisin
1122 3116 1340 3223 pulverem

293 3258 491 3341 redactis.
551 3258 751 3341 Pulveres
769 3261 1020 3368 praeferendi
1041 3276 1153 3365 sunt,
1177 3265 1341 3349 etiamsi

294 3408 408 3490 enim
423 3407 609 3506 metalla,
628 3407 989 3493 additosaccharo
1003 3412 1141 3514 lactis,
1161 3418 1339 3500 terendo

290 3558 510 3670 paululum
530 3567 744 3661 acescant,
765 3572 1025 3647 tamennon
1048 3578 1214 3649 tantum
1239 3569 1339 3652 inde

291 3719 490 3791 nascetur
508 3709 840 3814 incommodum,
862 3726 1066 3824 quantum
1085 3719 1121 3800 si
1147 3721 1270 3804 acida
1287 3721 1338 3804 iis

292 3858 516 3960 addantur,
539 3888 635 3942 cum
655 3862 757 3944 satis
778 3876 961 3965 constet,
985 3868 1114 3952 acidis
1135 3883 1178 3953 et
1190 3871 1338 3980 spiritu

290 4010 375 4096 vini
409 4012 611 4124 deinceps
651 4014 810 4098 adfusis
847 4018 933 4102 vim
962 4020 1170 4103 medicam
1202 4025 1337 4108 multo

289 4163 427 4246 minus
459 4165 646 4266 excitari,
685 4169 876 4273 quamsi
905 4170 1034 4254 modo
1068 4200 1195 4281 supra
1225 4176 1332 4260 indi-
