<?xml version="1.0" encoding="UTF-8"?>
<!DOCTYPE html PUBLIC "-//W3C//DTD XHTML 1.0 Transitional//EN"
    "http://www.w3.org/TR/xhtml1/DTD/xhtml1-transitional.dtd">
<html xmlns="http://www.w3.org/1999/xhtml" xml:lang="en" lang="en">
 <head>
  <title>
</title>
<meta http-equiv="Content-Type" content="text/html;charset=utf-8" />
  <meta name='ocr-system' content='tesseract 3.04.00' />
  <meta name='ocr-capabilities' content='ocr_page ocr_carea ocr_par ocr_line ocrx_word'/>
</head>
<body>
  <div class='ocr_page' id='page_1' title='image "./pharmacopoeiaho00quingoog_0039.png"; bbox 0 0 3084 5040; ppageno 0'>
   <div class='ocr_carea' id='block_1_1' title="bbox 283 354 980 428">
    <p class='ocr_par' dir='ltr' id='par_1_1' title="bbox 283 354 980 428">
     <span class='ocr_line' id='line_1_1' title="bbox 283 354 980 428; baseline -0.001 -1"><span class='ocrx_word' id='word_1_1' title='bbox 283 354 311 427; x_wconf 76' lang='lat'>4</span> <span class='ocrx_word' id='word_1_2' title='bbox 568 403 572 414; x_wconf 52' lang='lat'><em>2</em></span> <span class='ocrx_word' id='word_1_3' title='bbox 631 373 980 428; x_wconf 75' lang='lat' dir='ltr'>eunnnmcormm</span> 
     </span>
    </p>
   </div>
   <div class='ocr_carea' id='block_1_2' title="bbox 284 536 1330 1104">
    <p class='ocr_par' dir='ltr' id='par_1_2' title="bbox 284 536 1330 1104">
     <span class='ocr_line' id='line_1_2' title="bbox 284 536 1326 651; baseline -0.009 -27"><span class='ocrx_word' id='word_1_4' title='bbox 284 542 409 642; x_wconf 91' lang='lat' dir='ltr'>ratio,</span> <span class='ocrx_word' id='word_1_5' title='bbox 431 569 505 624; x_wconf 87' lang='lat' dir='ltr'>eur</span> <span class='ocrx_word' id='word_1_6' title='bbox 523 542 729 651; x_wconf 82' lang='lat' dir='ltr'>lageriulis</span> <span class='ocrx_word' id='word_1_7' title='bbox 749 542 819 626; x_wconf 89' lang='lat' dir='ltr'>vel</span> <span class='ocrx_word' id='word_1_8' title='bbox 839 552 962 623; x_wconf 84' lang='lat' dir='ltr'>caute</span> <span class='ocrx_word' id='word_1_9' title='bbox 985 537 1156 640; x_wconf 90' lang='lat' dir='ltr'>ablutis,</span> <span class='ocrx_word' id='word_1_10' title='bbox 1174 537 1219 620; x_wconf 92' lang='lat' dir='ltr'>in</span> <span class='ocrx_word' id='word_1_11' title='bbox 1235 536 1326 645; x_wconf 91' lang='lat' dir='ltr'>qui·</span> 
     </span>
     <span class='ocr_line' id='line_1_3' title="bbox 284 692 1330 802; baseline -0.008 -26"><span class='ocrx_word' id='word_1_12' title='bbox 284 693 365 776; x_wconf 92' lang='lat' dir='ltr'>bus</span> <span class='ocrx_word' id='word_1_13' title='bbox 379 693 461 775; x_wconf 88' lang='lat' dir='ltr'>alia</span> <span class='ocrx_word' id='word_1_14' title='bbox 470 694 657 775; x_wconf 90' lang='lat' dir='ltr'>remedia</span> <span class='ocrx_word' id='word_1_15' title='bbox 667 692 853 802; x_wconf 91' lang='lat' dir='ltr'>reposita</span> <span class='ocrx_word' id='word_1_16' title='bbox 866 703 978 791; x_wconf 87' lang='lat' dir='ltr'>sunt,</span> <span class='ocrx_word' id='word_1_17' title='bbox 989 718 1207 798; x_wconf 91' lang='lat' dir='ltr'>nunquam</span> <span class='ocrx_word' id='word_1_18' title='bbox 1217 713 1330 769; x_wconf 91' lang='lat' dir='ltr'>nova</span> 
     </span>
     <span class='ocr_line' id='line_1_4' title="bbox 284 823 1328 953; baseline -0.007 -27"><span class='ocrx_word' id='word_1_19' title='bbox 284 823 496 926; x_wconf 70' lang='lat' dir='ltr'>medicind</span> <span class='ocrx_word' id='word_1_20' title='bbox 526 844 690 925; x_wconf 91' lang='lat' dir='ltr'>infundi</span> <span class='ocrx_word' id='word_1_21' title='bbox 718 843 895 940; x_wconf 91' lang='lat' dir='ltr'>debeat;</span> <span class='ocrx_word' id='word_1_22' title='bbox 935 843 1101 953; x_wconf 87' lang='lat' dir='ltr'>quoties</span> <span class='ocrx_word' id='word_1_23' title='bbox 1133 842 1186 923; x_wconf 90' lang='lat' dir='ltr'>de</span> <span class='ocrx_word' id='word_1_24' title='bbox 1216 864 1328 921; x_wconf 90' lang='lat' dir='ltr'>novo</span> 
     </span>
     <span class='ocr_line' id='line_1_5' title="bbox 286 992 1326 1104; baseline -0.007 -24"><span class='ocrx_word' id='word_1_25' title='bbox 286 997 423 1104; x_wconf 88' lang='lat' dir='ltr'>agitur</span> <span class='ocrx_word' id='word_1_26' title='bbox 448 997 653 1096; x_wconf 58' lang='lat' dir='ltr'>remedia</span> <span class='ocrx_word' id='word_1_27' title='bbox 684 995 811 1078; x_wconf 89' lang='lat' dir='ltr'>toties</span> <span class='ocrx_word' id='word_1_28' title='bbox 837 1022 949 1077; x_wconf 90' lang='lat' dir='ltr'>nova</span> <span class='ocrx_word' id='word_1_29' title='bbox 975 995 1183 1103; x_wconf 85' lang='lat' dir='ltr'>deligatur</span> <span class='ocrx_word' id='word_1_30' title='bbox 1207 992 1326 1099; x_wconf 86' lang='lat' dir='ltr'>lage·</span> 
     </span>
    </p>
   </div>
   <div class='ocr_carea' id='block_1_3' title="bbox 116 1143 1328 1252">
    <p class='ocr_par' dir='ltr' id='par_1_3' title="bbox 116 1143 1328 1252">
     <span class='ocr_line' id='line_1_6' title="bbox 116 1143 1328 1252; baseline -0.007 -19"><span class='ocrx_word' id='word_1_31' title='bbox 116 1163 133 1200; x_wconf 85' lang='lat'><em>&#39;</em></span> <span class='ocrx_word' id='word_1_32' title='bbox 285 1151 398 1232; x_wconf 93' lang='lat' dir='ltr'>nula.</span> <span class='ocrx_word' id='word_1_33' title='bbox 444 1150 489 1231; x_wconf 87' lang='lat' dir='ltr'>Si</span> <span class='ocrx_word' id='word_1_34' title='bbox 514 1162 656 1232; x_wconf 92' lang='lat' dir='ltr'>autem</span> <span class='ocrx_word' id='word_1_35' title='bbox 676 1148 825 1232; x_wconf 92' lang='lat' dir='ltr'>eadem</span> <span class='ocrx_word' id='word_1_36' title='bbox 845 1146 1096 1230; x_wconf 88' lang='lat' dir='ltr'>adhibeatur</span> <span class='ocrx_word' id='word_1_37' title='bbox 1114 1143 1328 1252; x_wconf 85' lang='lat' dir='ltr'>lagenula,</span> 
     </span>
    </p>
   </div>
   <div class='ocr_carea' id='block_1_4' title="bbox 190 1296 1328 2319">
    <p class='ocr_par' dir='ltr' id='par_1_4' title="bbox 190 1296 1328 2319">
     <span class='ocr_line' id='line_1_7' title="bbox 284 1296 1327 1411; baseline -0.006 -28"><span class='ocrx_word' id='word_1_38' title='bbox 284 1301 482 1410; x_wconf 82' lang='lat' dir='ltr'><strong>frequens</strong></span> <span class='ocrx_word' id='word_1_39' title='bbox 509 1302 679 1411; x_wconf 83' lang='lat' dir='ltr'>spiritus</span> <span class='ocrx_word' id='word_1_40' title='bbox 705 1300 791 1384; x_wconf 89' lang='lat' dir='ltr'>vini</span> <span class='ocrx_word' id='word_1_41' title='bbox 815 1298 1079 1407; x_wconf 84' lang='lat' dir='ltr'>deflagratio,</span> <span class='ocrx_word' id='word_1_42' title='bbox 1099 1310 1226 1405; x_wconf 87' lang='lat' dir='ltr'>atque</span> <span class='ocrx_word' id='word_1_43' title='bbox 1254 1296 1327 1378; x_wconf 92' lang='lat' dir='ltr'>de-</span> 
     </span>
     <span class='ocr_line' id='line_1_8' title="bbox 190 1448 1326 1561; baseline 0.001 -30"><span class='ocrx_word' id='word_1_44' title='bbox 190 1545 193 1549; x_wconf 32' lang='lat'><em>,</em></span> <span class='ocrx_word' id='word_1_45' title='bbox 284 1451 383 1534; x_wconf 90' lang='lat' dir='ltr'>inde</span> <span class='ocrx_word' id='word_1_46' title='bbox 410 1453 558 1535; x_wconf 87' lang='lat' dir='ltr'>sedula</span> <span class='ocrx_word' id='word_1_47' title='bbox 584 1480 705 1560; x_wconf 84' lang='lat' dir='ltr'>aquae</span> <span class='ocrx_word' id='word_1_48' title='bbox 730 1480 846 1561; x_wconf 85' lang='lat' dir='ltr'>purae</span> <span class='ocrx_word' id='word_1_49' title='bbox 873 1463 1011 1560; x_wconf 66' lang='lat' dir='ltr'>atque.</span> <span class='ocrx_word' id='word_1_50' title='bbox 1033 1448 1215 1532; x_wconf 84' lang='lat' dir='ltr'>recentis</span> <span class='ocrx_word' id='word_1_51' title='bbox 1244 1475 1326 1557; x_wconf 88' lang='lat' dir='ltr'>ope</span> 
     </span>
     <span class='ocr_line' id='line_1_9' title="bbox 282 1601 1328 1713; baseline -0.003 -28"><span class='ocrx_word' id='word_1_52' title='bbox 282 1605 480 1713; x_wconf 86' lang='lat' dir='ltr'>purgatio</span> <span class='ocrx_word' id='word_1_53' title='bbox 491 1603 751 1687; x_wconf 87' lang='lat' dir='ltr'>instituenda</span> <span class='ocrx_word' id='word_1_54' title='bbox 762 1616 839 1686; x_wconf 87' lang='lat' dir='ltr'>est.</span> <span class='ocrx_word' id='word_1_55' title='bbox 869 1601 1100 1711; x_wconf 87' lang='lat' dir='ltr'>Lagenulae</span> <span class='ocrx_word' id='word_1_56' title='bbox 1111 1627 1328 1707; x_wconf 91' lang='lat' dir='ltr'>nunquam</span> 
     </span>
     <span class='ocr_line' id='line_1_10' title="bbox 282 1751 1323 1839; baseline -0.002 -4"><span class='ocrx_word' id='word_1_57' title='bbox 282 1753 435 1836; x_wconf 88' lang='lat' dir='ltr'>iterum</span> <span class='ocrx_word' id='word_1_58' title='bbox 453 1755 605 1839; x_wconf 88' lang='lat' dir='ltr'>iisdem</span> <span class='ocrx_word' id='word_1_59' title='bbox 625 1753 803 1837; x_wconf 88' lang='lat' dir='ltr'>embolis</span> <span class='ocrx_word' id='word_1_60' title='bbox 824 1754 1014 1839; x_wconf 86' lang='lat' dir='ltr'>obturari</span> <span class='ocrx_word' id='word_1_61' title='bbox 1032 1752 1205 1836; x_wconf 88' lang='lat' dir='ltr'>debent.</span> <span class='ocrx_word' id='word_1_62' title='bbox 1237 1751 1323 1834; x_wconf 90' lang='lat' dir='ltr'>La·</span> 
     </span>
     <span class='ocr_line' id='line_1_11' title="bbox 280 1905 1326 2016; baseline -0.002 -28"><span class='ocrx_word' id='word_1_63' title='bbox 280 1907 417 2014; x_wconf 88' lang='lat' dir='ltr'>pides,</span> <span class='ocrx_word' id='word_1_64' title='bbox 441 1908 514 2016; x_wconf 92' lang='lat' dir='ltr'>qui</span> <span class='ocrx_word' id='word_1_65' title='bbox 533 1908 788 1991; x_wconf 84' lang='lat' dir='ltr'>adhibentur</span> <span class='ocrx_word' id='word_1_66' title='bbox 807 1908 862 1989; x_wconf 87' lang='lat' dir='ltr'>ad</span> <span class='ocrx_word' id='word_1_67' title='bbox 882 1907 1139 1990; x_wconf 84' lang='lat' dir='ltr'>conterenda</span> <span class='ocrx_word' id='word_1_68' title='bbox 1152 1905 1326 1989; x_wconf 90' lang='lat' dir='ltr'>metalla</span> 
     </span>
     <span class='ocr_line' id='line_1_12' title="bbox 279 2057 1325 2167; baseline 0 -27"><span class='ocrx_word' id='word_1_69' title='bbox 279 2085 402 2166; x_wconf 91' lang='lat' dir='ltr'>pura,</span> <span class='ocrx_word' id='word_1_70' title='bbox 439 2086 531 2167; x_wconf 87' lang='lat' dir='ltr'>quae</span> <span class='ocrx_word' id='word_1_71' title='bbox 564 2059 694 2141; x_wconf 85' lang='lat' dir='ltr'>cruda</span> <span class='ocrx_word' id='word_1_72' title='bbox 725 2070 824 2142; x_wconf 82' lang='lat' dir='ltr'>sunt</span> <span class='ocrx_word' id='word_1_73' title='bbox 855 2058 1037 2142; x_wconf 88' lang='lat' dir='ltr'>necdum</span> <span class='ocrx_word' id='word_1_74' title='bbox 1069 2057 1114 2139; x_wconf 91' lang='lat' dir='ltr'>in</span> <span class='ocrx_word' id='word_1_75' title='bbox 1147 2057 1325 2140; x_wconf 79' lang='lat' dir='ltr'>laminas</span> 
     </span>
     <span class='ocr_line' id='line_1_13' title="bbox 280 2206 1322 2319; baseline 0.002 -31"><span class='ocrx_word' id='word_1_76' title='bbox 280 2206 424 2310; x_wconf 87' lang='lat' dir='ltr'>dueta,</span> <span class='ocrx_word' id='word_1_77' title='bbox 444 2222 671 2319; x_wconf 84' lang='lat' dir='ltr'>antequam</span> <span class='ocrx_word' id='word_1_78' title='bbox 690 2238 848 2293; x_wconf 89' lang='lat' dir='ltr'>novum</span> <span class='ocrx_word' id='word_1_79' title='bbox 865 2209 1083 2292; x_wconf 91' lang='lat' dir='ltr'>metallum</span> <span class='ocrx_word' id='word_1_80' title='bbox 1102 2209 1151 2291; x_wconf 88' lang='lat' dir='ltr'>iis</span> <span class='ocrx_word' id='word_1_81' title='bbox 1173 2222 1322 2290; x_wconf 85' lang='lat' dir='ltr'>eonte-</span> 
     </span>
    </p>
   </div>
   <div class='ocr_carea' id='block_1_5' title="bbox 128 2359 1323 2468">
    <p class='ocr_par' dir='ltr' id='par_1_5' title="bbox 128 2359 1323 2468">
     <span class='ocr_line' id='line_1_14' title="bbox 128 2359 1323 2468; baseline -0.004 -23"><span class='ocrx_word' id='word_1_82' title='bbox 128 2431 134 2445; x_wconf 92' lang='lat'><strong>.</strong></span> <span class='ocrx_word' id='word_1_83' title='bbox 277 2359 393 2458; x_wconf 91' lang='lat' dir='ltr'>ritur,</span> <span class='ocrx_word' id='word_1_84' title='bbox 415 2390 591 2445; x_wconf 85' lang='lat' dir='ltr'>neeesse</span> <span class='ocrx_word' id='word_1_85' title='bbox 612 2374 693 2464; x_wconf 87' lang='lat' dir='ltr'>est,</span> <span class='ocrx_word' id='word_1_86' title='bbox 710 2373 758 2444; x_wconf 95' lang='lat' dir='ltr'>ut</span> <span class='ocrx_word' id='word_1_87' title='bbox 777 2361 874 2443; x_wconf 93' lang='lat' dir='ltr'>vitri</span> <span class='ocrx_word' id='word_1_88' title='bbox 888 2361 1036 2460; x_wconf 78' lang='lat' dir='ltr'>lursto,</span> <span class='ocrx_word' id='word_1_89' title='bbox 1060 2359 1323 2468; x_wconf 85' lang='lat' dir='ltr'>purgationis</span> 
     </span>
    </p>
   </div>
   <div class='ocr_carea' id='block_1_6' title="bbox 276 2510 1322 3224">
    <p class='ocr_par' dir='ltr' id='par_1_6' title="bbox 276 2510 1322 3224">
     <span class='ocr_line' id='line_1_15' title="bbox 278 2510 1319 2613; baseline -0.002 -19"><span class='ocrx_word' id='word_1_90' title='bbox 278 2515 421 2613; x_wconf 71' lang='lat' dir='ltr'>causa,</span> <span class='ocrx_word' id='word_1_91' title='bbox 434 2514 586 2596; x_wconf 89' lang='lat' dir='ltr'>leniter</span> <span class='ocrx_word' id='word_1_92' title='bbox 597 2515 811 2596; x_wconf 88' lang='lat' dir='ltr'>radantur.</span> <span class='ocrx_word' id='word_1_93' title='bbox 835 2513 952 2594; x_wconf 85' lang='lat' dir='ltr'>Vasa</span> <span class='ocrx_word' id='word_1_94' title='bbox 966 2523 1009 2593; x_wconf 91' lang='lat' dir='ltr'>et</span> <span class='ocrx_word' id='word_1_95' title='bbox 1024 2510 1319 2605; x_wconf 84' lang='lat' dir='ltr'>instrumenta,</span> 
     </span>
     <span class='ocr_line' id='line_1_16' title="bbox 280 2661 1320 2771; baseline 0.002 -29"><span class='ocrx_word' id='word_1_96' title='bbox 280 2688 373 2771; x_wconf 90' lang='lat' dir='ltr'>quae</span> <span class='ocrx_word' id='word_1_97' title='bbox 393 2663 448 2743; x_wconf 91' lang='lat' dir='ltr'>ad</span> <span class='ocrx_word' id='word_1_98' title='bbox 467 2663 578 2747; x_wconf 83' lang='lat' dir='ltr'>hanc</span> <span class='ocrx_word' id='word_1_99' title='bbox 605 2690 696 2745; x_wconf 89' lang='lat' dir='ltr'>rem</span> <span class='ocrx_word' id='word_1_100' title='bbox 724 2674 824 2771; x_wconf 92' lang='lat' dir='ltr'>apta</span> <span class='ocrx_word' id='word_1_101' title='bbox 853 2673 967 2762; x_wconf 87' lang='lat' dir='ltr'>sunt,</span> <span class='ocrx_word' id='word_1_102' title='bbox 1004 2689 1041 2744; x_wconf 91' lang='lat' dir='ltr'>e.</span> <span class='ocrx_word' id='word_1_103' title='bbox 1059 2690 1121 2769; x_wconf 87' lang='lat' dir='ltr'>gr.</span> <span class='ocrx_word' id='word_1_104' title='bbox 1145 2661 1320 2769; x_wconf 82' lang='lat' dir='ltr'>spathae,</span> 
     </span>
     <span class='ocr_line' id='line_1_17' title="bbox 278 2812 1322 2921; baseline 0.003 -28"><span class='ocrx_word' id='word_1_105' title='bbox 278 2814 531 2914; x_wconf 85' lang='lat' dir='ltr'>cochlearia,</span> <span class='ocrx_word' id='word_1_106' title='bbox 552 2813 838 2914; x_wconf 85' lang='lat' dir='ltr'>infundibula,</span> <span class='ocrx_word' id='word_1_107' title='bbox 861 2825 904 2895; x_wconf 90' lang='lat' dir='ltr'>et</span> <span class='ocrx_word' id='word_1_108' title='bbox 929 2825 1146 2921; x_wconf 87' lang='lat' dir='ltr'>quaesunt</span> <span class='ocrx_word' id='word_1_109' title='bbox 1175 2812 1240 2894; x_wconf 86' lang='lat' dir='ltr'>his</span> <span class='ocrx_word' id='word_1_110' title='bbox 1269 2814 1322 2896; x_wconf 83' lang='lat' dir='ltr'>si·</span> 
     </span>
     <span class='ocr_line' id='line_1_18' title="bbox 276 2963 1321 3072; baseline 0.002 -28"><span class='ocrx_word' id='word_1_111' title='bbox 276 2963 407 3064; x_wconf 92' lang='lat' dir='ltr'>milia,</span> <span class='ocrx_word' id='word_1_112' title='bbox 429 2964 498 3045; x_wconf 92' lang='lat' dir='ltr'>vel</span> <span class='ocrx_word' id='word_1_113' title='bbox 517 2991 541 3046; x_wconf 91' lang='lat' dir='ltr'>e</span> <span class='ocrx_word' id='word_1_114' title='bbox 561 2963 717 3072; x_wconf 87' lang='lat' dir='ltr'>lapide,</span> <span class='ocrx_word' id='word_1_115' title='bbox 739 2964 807 3047; x_wconf 89' lang='lat' dir='ltr'>vel</span> <span class='ocrx_word' id='word_1_116' title='bbox 827 2963 1087 3072; x_wconf 87' lang='lat' dir='ltr'>porcellan0,</span> <span class='ocrx_word' id='word_1_117' title='bbox 1103 2963 1171 3044; x_wconf 89' lang='lat' dir='ltr'>vel</span> <span class='ocrx_word' id='word_1_118' title='bbox 1192 2990 1321 3046; x_wconf 88' lang='lat' dir='ltr'>comu</span> 
     </span>
     <span class='ocr_line' id='line_1_19' title="bbox 276 3115 1321 3224; baseline 0 -25"><span class='ocrx_word' id='word_1_119' title='bbox 276 3119 427 3200; x_wconf 80' lang='lat' dir='ltr'>confici</span> <span class='ocrx_word' id='word_1_120' title='bbox 455 3116 631 3216; x_wconf 88' lang='lat' dir='ltr'>debent,</span> <span class='ocrx_word' id='word_1_121' title='bbox 663 3141 717 3196; x_wconf 91' lang='lat' dir='ltr'>ne</span> <span class='ocrx_word' id='word_1_122' title='bbox 746 3115 924 3196; x_wconf 82' lang='lat' dir='ltr'>fortasse</span> <span class='ocrx_word' id='word_1_123' title='bbox 950 3115 1111 3216; x_wconf 84' lang='lat' dir='ltr'>metalli</span> <span class='ocrx_word' id='word_1_124' title='bbox 1141 3116 1321 3224; x_wconf 81' lang='lat' dir='ltr'>alicujus</span> 
     </span>
    </p>
   </div>
   <div class='ocr_carea' id='block_1_7' title="bbox 270 3264 1320 3526">
    <p class='ocr_par' dir='ltr' id='par_1_7' title="bbox 270 3264 1320 3526">
     <span class='ocr_line' id='line_1_20' title="bbox 271 3264 1320 3378; baseline -0.002 -26"><span class='ocrx_word' id='word_1_125' title='bbox 271 3270 479 3378; x_wconf 79' lang='lat' dir='ltr'>particula</span> <span class='ocrx_word' id='word_1_126' title='bbox 489 3264 685 3350; x_wconf 88' lang='lat' dir='ltr'>remediis</span> <span class='ocrx_word' id='word_1_127' title='bbox 696 3265 995 3361; x_wconf 84' lang='lat' dir='ltr'>immisceatur,</span> <span class='ocrx_word' id='word_1_128' title='bbox 1004 3267 1159 3373; x_wconf 89' lang='lat' dir='ltr'>quovis</span> <span class='ocrx_word' id='word_1_129' title='bbox 1173 3293 1320 3351; x_wconf 82' lang='lat' dir='ltr'>eorum</span> 
     </span>
     <span class='ocr_line' id='line_1_21' title="bbox 270 3416 1319 3526; baseline 0.002 -27"><span class='ocrx_word' id='word_1_130' title='bbox 270 3420 432 3502; x_wconf 88' lang='lat' dir='ltr'>ineerta</span> <span class='ocrx_word' id='word_1_131' title='bbox 444 3432 572 3526; x_wconf 85' lang='lat' dir='ltr'>atque</span> <span class='ocrx_word' id='word_1_132' title='bbox 589 3417 672 3499; x_wconf 88' lang='lat' dir='ltr'>alia</span> <span class='ocrx_word' id='word_1_133' title='bbox 683 3416 770 3499; x_wconf 89' lang='lat' dir='ltr'>fieri</span> <span class='ocrx_word' id='word_1_134' title='bbox 786 3417 936 3525; x_wconf 89' lang='lat' dir='ltr'>possit.</span> <span class='ocrx_word' id='word_1_135' title='bbox 979 3416 1184 3514; x_wconf 85' lang='lat' dir='ltr'>Quamvis</span> <span class='ocrx_word' id='word_1_136' title='bbox 1203 3420 1319 3502; x_wconf 87' lang='lat' dir='ltr'>calor</span> 
     </span>
    </p>
   </div>
   <div class='ocr_carea' id='block_1_8' title="bbox 267 3566 1319 4290">
    <p class='ocr_par' dir='ltr' id='par_1_8' title="bbox 267 3566 1319 4107">
     <span class='ocr_line' id='line_1_22' title="bbox 270 3566 1315 3679; baseline 0.002 -28"><span class='ocrx_word' id='word_1_137' title='bbox 270 3571 518 3678; x_wconf 89' lang='lat' dir='ltr'>plerumque</span> <span class='ocrx_word' id='word_1_138' title='bbox 536 3566 733 3653; x_wconf 87' lang='lat' dir='ltr'>vitandus</span> <span class='ocrx_word' id='word_1_139' title='bbox 755 3580 835 3668; x_wconf 88' lang='lat' dir='ltr'>est,</span> <span class='ocrx_word' id='word_1_140' title='bbox 857 3596 943 3650; x_wconf 93' lang='lat' dir='ltr'>non</span> <span class='ocrx_word' id='word_1_141' title='bbox 967 3579 1111 3652; x_wconf 89' lang='lat' dir='ltr'>tamen</span> <span class='ocrx_word' id='word_1_142' title='bbox 1133 3597 1315 3679; x_wconf 84' lang='lat' dir='ltr'>semper,</span> 
     </span>
     <span class='ocr_line' id='line_1_23' title="bbox 269 3719 1319 3832; baseline 0 -29"><span class='ocrx_word' id='word_1_143' title='bbox 269 3733 317 3803; x_wconf 95' lang='lat' dir='ltr'>ut</span> <span class='ocrx_word' id='word_1_144' title='bbox 346 3734 497 3832; x_wconf 87' lang='lat' dir='ltr'>postea</span> <span class='ocrx_word' id='word_1_145' title='bbox 526 3719 902 3818; x_wconf 81' lang='lat' dir='ltr'>demonstrabitur3</span> <span class='ocrx_word' id='word_1_146' title='bbox 941 3719 1012 3801; x_wconf 92' lang='lat' dir='ltr'>ille</span> <span class='ocrx_word' id='word_1_147' title='bbox 1037 3719 1166 3821; x_wconf 90' lang='lat' dir='ltr'>enim,</span> <span class='ocrx_word' id='word_1_148' title='bbox 1196 3722 1319 3803; x_wconf 91' lang='lat' dir='ltr'>Hah-</span> 
     </span>
     <span class='ocr_line' id='line_1_24' title="bbox 268 3871 1318 3979; baseline 0 -25"><span class='ocrx_word' id='word_1_149' title='bbox 268 3899 482 3957; x_wconf 88' lang='lat' dir='ltr'>nemarmo</span> <span class='ocrx_word' id='word_1_150' title='bbox 503 3883 692 3971; x_wconf 84' lang='lat' dir='ltr'>auctore,</span> <span class='ocrx_word' id='word_1_151' title='bbox 711 3871 827 3952; x_wconf 89' lang='lat' dir='ltr'>haud</span> <span class='ocrx_word' id='word_1_152' title='bbox 851 3897 1002 3979; x_wconf 87' lang='lat' dir='ltr'>parum</span> <span class='ocrx_word' id='word_1_153' title='bbox 1029 3871 1318 3955; x_wconf 80' lang='lat' dir='ltr'>medicamen-</span> 
     </span>
     <span class='ocr_line' id='line_1_25' title="bbox 267 4022 704 4107; baseline -0.007 -1"><span class='ocrx_word' id='word_1_154' title='bbox 267 4036 404 4107; x_wconf 89' lang='lat' dir='ltr'>torum</span> <span class='ocrx_word' id='word_1_155' title='bbox 423 4022 533 4107; x_wconf 88' lang='lat' dir='ltr'>vires</span> <span class='ocrx_word' id='word_1_156' title='bbox 553 4033 704 4104; x_wconf 90' lang='lat' dir='ltr'>mutat.</span> 
     </span>
    </p>

    <p class='ocr_par' dir='ltr' id='par_1_9' title="bbox 322 4177 1316 4290">
     <span class='ocr_line' id='line_1_26' title="bbox 322 4177 1316 4290; baseline 0.004 -28"><span class='ocrx_word' id='word_1_157' title='bbox 322 4180 484 4264; x_wconf 88' lang='lat' dir='ltr'>Eadem</span> <span class='ocrx_word' id='word_1_158' title='bbox 525 4177 655 4261; x_wconf 90' lang='lat' dir='ltr'>lintea</span> <span class='ocrx_word' id='word_1_159' title='bbox 690 4177 745 4260; x_wconf 87' lang='lat' dir='ltr'>ad</span> <span class='ocrx_word' id='word_1_160' title='bbox 778 4177 1088 4262; x_wconf 87' lang='lat' dir='ltr'>medicamenta</span> <span class='ocrx_word' id='word_1_161' title='bbox 1124 4184 1316 4290; x_wconf 87' lang='lat' dir='ltr'>paranda</span> 
     </span>
    </p>
   </div>
   <div class='ocr_carea' id='block_1_9' title="bbox 0 0 1546 5040">
    <p class='ocr_par' dir='ltr' id='par_1_10' title="bbox 0 0 1546 5040">
     <span class='ocr_line' id='line_1_27' title="bbox 0 0 1546 5040; baseline 0 6"><span class='ocrx_word' id='word_1_162' title='bbox 0 0 1546 5040; x_wconf 95' lang='lat' dir='ltr'> </span> 
     </span>
    </p>
   </div>
  </div>
 </body>
</html>
