3058 5040
283 361 363 433 114
632 386 981 443 rrrnnnncoeozm

272 545 649 630 fSubcarbonatem
674 551 718 630 in
742 551 881 634 Aceto
912 550 1029 635 solve
1062 549 1200 631 donec
1233 547 1337 626 fiant

285 698 482 803 crystalli.
518 698 579 780 Ut
600 700 654 782 sit
673 728 839 807 purum,
852 702 968 809 liqua
986 697 1211 781 Plumbum
1222 696 1334 777 Acc-

282 843 416 925 ticum
453 847 498 941 in
534 849 662 955 Aqud
694 849 926 941 Destillata
959 847 1113 946 calida,
1154 857 1197 926 et
1236 846 1335 925 loco

286 991 423 1072 calido
444 1021 603 1103 sepone
623 995 759 1078 donec
789 999 893 1078 fiant
923 997 1109 1106 crystalli
1127 997 1147 1077 ε’
1168 1007 1262 1077 tum
1279 994 1331 1074 li-

285 1166 462 1245 quorem
484 1143 691 1248 reliquum
719 1144 774 1225 ad
803 1144 1021 1226 dimidium
1053 1170 1255 1226 consume
1284 1151 1333 1222 ut

284 1287 437 1370 iterum
456 1293 665 1400 prodeant
686 1296 892 1404 crystalli:
925 1295 1023 1377 dein
1042 1293 1264 1401 crystallos
1287 1292 1331 1373 in

284 1437 481 1547 lagenula
500 1443 645 1524 clausa
665 1471 837 1552 sepone.
917 1467 922 1476 ·

343 1588 389 1669 Si
425 1589 592 1673 Plumbi
628 1593 774 1674 Nitras
814 1593 938 1692 adsit,
971 1592 1224 1702 praeparatio
1263 1602 1330 1673 est

284 1739 434 1842 albior,
455 1742 590 1849 magis
609 1743 750 1825 lucida
770 1756 813 1826 et
832 1744 970 1826 minus
991 1740 1183 1825 solubilis
1202 1768 1331 1849 quam

283 1892 319 1972 si
337 1919 445 2001 pura
463 1894 544 1974 sit:
579 1894 614 1974 si
635 1913 761 2002 super
781 1894 987 1977 carbones
1008 1893 1241 1975 candentes
1261 1891 1325 1972 in-

281 2041 495 2142 fundatur,
518 2069 669 2124 sonum
695 2044 783 2144 dat,
814 2055 856 2125 et
886 2043 1038 2125 sicum
1067 2041 1206 2124 Acido
1232 2040 1327 2121 Sul-

280 2192 457 2301 phurico
490 2205 764 2276 concentrato
789 2193 1031 2293 misceatur,
1053 2217 1234 2300 vapores
1263 2188 1330 2271 ni-

280 2353 419 2425 trosos
438 2342 606 2423 emittit.
674 2342 718 2423 si
751 2370 837 2423 non
870 2340 923 2424 sit
956 2341 1068 2424 bene
1096 2349 1323 2438 servatum,

279 2493 327 2571 fit
347 2491 503 2572 flavum
524 2500 567 2572 et
581 2490 718 2573 minus
737 2491 930 2574 solubile.

333 2638 532 2719 Eundem
557 2641 744 2740 modum,
769 2668 853 2748 quo
880 2640 934 2723 de
962 2639 1158 2723 remediis
1188 2639 1327 2748 antip-

279 2787 426 2868 soricis
447 2786 607 2869 dictum
631 2800 712 2890 est,
737 2816 927 2897 sequere.

334 2935 675 3017 Dosisz—Glob.
709 2936 755 3035 i.,
792 2936 834 3044 ij.
865 2938 933 3020 vel
962 2936 1021 3047 iij.
1058 2937 1323 3020 duodecimae

279 3083 591 3167 attenuationis.

331 3235 514 3320 Duratio
531 3233 719 3316 :-Ultra
737 3232 978 3342 quindecim
998 3235 1102 3318 dies.

332 3383 691 3492 Antid.-Opium
710 3394 839 3491 atque
855 3380 933 3463 Vis
953 3381 1177 3463 Electrica.

492 3661 736 3727 PLUMBUM
766 3661 1103 3726 METALLICUM.

564 3829 697 3907 Triginta
710 3829 923 3887 attenuationes
945 3811 1024 3905 (X).

326 3982 655 4067 Attenuationes
671 3976 840 4060 Plumbi
857 3977 1065 4061 Metallici
1082 3993 1180 4063 sunt
1196 3995 1317 4066 ante·

266 4137 475 4251 ponendae
494 4129 665 4214 Acetati
683 4126 862 4209 Plumbi.
