3084 5040
284 367 339 440 28
641 391 988 445 runnuncoemra

287 552 442 635 diutius
463 557 550 637 a‘eri
569 571 846 668 exponantur.
908 559 1043 641 Facta
1066 552 1249 637 mixtura
1266 576 1332 632 re·

285 705 426 787 media
444 705 661 791 involucro
680 710 906 793 chartaceo
925 709 1207 791 includantur.

343 854 394 937 In
412 857 593 938 formula
621 873 719 968 post
750 888 904 944 nomen
940 855 1236 940 medicamenti
1254 880 1336 962 po·

286 1018 411 1088 natur
429 1035 628 1091 numerus
650 1011 966 1110 attenuationis,
990 1035 1027 1090 e.
1049 1036 1110 1116 gr.

460 1166 511 1259 Bt.
544 1160 682 1242 Tinct.
694 1161 970 1244 Belladonnae
988 1160 1055 1240 X:

285 1323 375 1392 tum
409 1312 624 1420 quantitas
653 1312 891 1393 necessaria
924 1310 1172 1391 definiatur:
1217 1303 1336 1414 cujus

287 1489 383 1542 cum
399 1461 526 1542 modo
538 1472 661 1567 gutta
673 1461 972 1570 integramodo
984 1485 1193 1568 perparva
1204 1466 1336 1563 guttae

285 1611 493 1720 particula
503 1640 580 1720 pro
592 1612 693 1692 mali
703 1612 992 1720 magnitudine
1006 1607 1249 1690 adhibenda
1262 1603 1331 1703 sit,

228 1730 231 1738 ¹
287 1773 335 1842 ut
359 1762 480 1844 citius
499 1789 568 1844 res
588 1763 776 1872 expediri
800 1763 951 1870 possit,
986 1761 1106 1866 signa
1135 1755 1336 1840 adhibere

289 1911 413 2013 solet,
438 1940 531 2020 quae
551 1925 808 2020 sequuntur:

458 2066 551 2146 Gtt.
574 2094 601 2147 1.
633 2077 756 2172 gutta
774 2064 950 2172 integra.

459 2218 550 2298 Gtt.
576 2245 630 2298 ss.
653 2228 776 2323 gutta
795 2214 981 2296 dimidia.

456 2369 549 2449 Gtt.
571 2396 613 2476 p.
639 2365 818 2475 (parva)
841 2378 973 2474 guttae
996 2378 1146 2474 quarta
1163 2391 1275 2473 pars.

348 2520 456 2601 Cum
487 2545 589 2600 vero
627 2517 917 2624 gravissimum
956 2518 1026 2616 sit,
1066 2527 1114 2596 ut
1152 2514 1338 2598 remedia

289 2667 631 2777 homoeopathica
649 2695 735 2748 non
755 2667 890 2748 solum
909 2669 1091 2749 maxime
1113 2679 1334 2750 attenuen-

290 2834 374 2922 tur,
398 2819 635 2918 sedetiam,
659 2847 787 2928 quam
806 2820 896 2901 fieri
915 2821 1066 2927 possit,
1094 2819 1337 2901 arctissimis

291 2971 416 3079 spatii
434 2969 636 3050 limitibus
654 2969 1063 3071 circumscribantur,
1095 2998 1192 3052 cum
1209 2995 1336 3078 porro

289 3122 333 3203 in
360 3119 623 3230 paucissimis
642 3119 800 3200 morbis
826 3145 1012 3201 necnon
1031 3120 1111 3202 nisi
1128 3120 1172 3201 in
1188 3117 1337 3202 robus-

290 3272 463 3354 tissimis
496 3270 735 3353 hominibus
764 3271 834 3352 vel
866 3271 1031 3379 integra
1063 3271 1133 3354 vel
1166 3269 1338 3352 dimidia

290 3434 413 3530 gutta
429 3421 570 3503 danda
590 3421 643 3502 sit
668 3419 876 3528 prodosi,
900 3421 1257 3521 ,Hahnemannus
1290 3432 1336 3502 ut

291 3571 501 3654 dividatur
519 3583 656 3676 gutta,
677 3571 787 3650 hanc
806 3572 995 3679 regulam
1013 3573 1155 3654 tradit.

350 3723 577 3803 Sumuntur
588 3720 749 3828 globuli
759 3721 920 3803 minimi
929 3722 1057 3828 vulgo
1071 3723 1337 3830 apistoribus
1374 3732 1379 3744 “

292 3874 570 3985 cupedinariis
591 3899 614 3954 e
634 3874 835 3956 saccharo
855 3884 898 3954 et
918 3875 1058 3981 amylo
1077 3876 1229 3982 parati,
1265 3876 1337 3984 qui

290 4023 579 4132 magnitudine
599 4023 688 4103 fere
709 4033 877 4130 aequant
903 4022 1073 4104 Semina
1092 4024 1333 4134 Papaveris,

292 4200 555 4283 quorumque
575 4171 747 4254 ducenti
774 4171 940 4254 circiter
959 4173 1014 4254 ad
1032 4174 1199 4282 pondus
1218 4178 1337 4285 grani
