3084 5040
261 329 315 404 58
611 353 962 407 rnnnnncormra

639 562 926 637 CAMPHORA.

508 695 696 805 (Laurus
717 694 1056 805 CamphoraL.)

318 855 507 935 Granum
531 855 782 962 Camphorae
801 882 931 937 unum
951 881 1047 934 cum
1076 853 1309 959 nonaginta

260 1032 415 1088 novem
433 1006 565 1112 guttis
588 1004 767 1112 Spiritus
786 1005 887 1086 Vini
907 1005 1035 1088 solve.

315 1161 446 1242 Dosis
466 1161 673 1244 z--Gutta
694 1163 887 1244 tincturae
907 1177 1204 1246 concentratae.

314 1303 661 1385 Duratio:-Per
679 1303 971 1386 brevissimum
1001 1300 1173 1411 quidem
1197 1317 1306 1387 tem-

259 1483 352 1563 pus.
387 1439 568 1564 (Τις-ζ
590 1467 754 1563 partem
772 1454 928 1562 horae.)

283 1621 286 1625 “
309 1605 692 1714 Antid-—Opium

314 1754 371 1835 N.
395 1754 446 1835 Β.
478 1755 734 1836 Antidotum
754 1769 834 1857 est,
855 1747 975 1865 'quod
995 1771 1144 1842 eontra
1172 1762 1309 1844 diver-

260 1906 425 1988 sissima
461 1906 669 1987 Remedia
708 1934 732 1988 e
767 1907 926 1989 Plantis
960 1921 1125 2016 parata,
1161 1924 1310 1992 contra

263 2056 541 2138 Cantharides
562 2067 604 2137 et
617 2068 766 2138 contra
777 2058 911 2138 multa
926 2057 1107 2139 Metalla
1121 2061 1309 2167 aliasque

262 2207 452 2288 Mineras
468 2206 706 2287 adhibetur.
751 2206 929 2303 Quoties
951 2208 1042 2289 aliis
1062 2210 1309 2318 corporibus

262 2357 437 2439 medicis
474 2354 685 2463 objicitur,
722 2381 833 2463 saepe
874 2356 1060 2462 quidem,
1098 2370 1141 2439 at
1179 2361 1310 2467 parva

129 2541 131 2544 ·
263 2509 500 2614 quantitate
520 2505 610 2586 dan'
627 2505 767 2586 debet.
801 2506 943 2602 Quare
965 2508 1190 2589 duodecim
1204 2511 1308 2592 tine-

262 2671 366 2740 turae
391 2654 517 2764 hujus
543 2667 701 2764 guttas,
722 2657 788 2736 vel
810 2667 960 2761 quater
985 2657 1055 2739 vel
1079 2658 1309 2770 duodeoies

263 2808 332 2891 vel
356 2805 486 2889 vicies
508 2806 577 2887 vel
600 2805 742 2886 tricies
761 2804 872 2886 intra
891 2807 1039 2887 horam
1059 2835 1188 2890 unam
1207 2810 1309 2892 dare

266 2955 476 3041 convenit.

512 3193 711 3258 CANCER
736 3192 1058 3260 FLUVIATILIS.

554 3371 670 3430 Novem
684 3373 897 3440 attenuationes
913 3354 1021 3448 (lli).

317 3524 523 3606 Cancrem
561 3525 703 3606 vivum
742 3525 787 3604 in
825 3525 1026 3608 mortario
1068 3527 1113 3606 in
1150 3529 1311 3635 pultem

266 3674 508 3772 contunde3
542 3675 650 3784 pulti
662 3675 772 3757 adde
785 3677 999 3785 duplicem
1012 3678 1193 3785 Spiritus
1209 3678 1311 3760 Vini
1341 3665 1345 3671 ’

109 3817 114 3828 ’
267 3823 563 3932 quantitatem,
587 3854 672 3933 quo
689 3826 804 3907 facto
822 3827 883 3927 id,
906 3828 1022 3934 quod
1043 3826 1200 3909 viribus
1218 3854 1308 3909 me·

266 3975 370 4058 dieis
384 3976 608 4083 praeditum
624 3987 705 4074 est,
721 3975 820 4058 inde
836 4002 1082 4084 expressum
1097 3989 1199 4085 apto
1213 3979 1311 4059 loeo

263 4153 436 4236 repone.
471 4124 611 4234 Hujus
621 4125 794 4232 liquoris
806 4137 950 4233 guttas
964 4139 1051 4209 tres
1066 4155 1164 4209 cum
1174 4155 1311 4210 nona·
