3084 5040
566 389 922 446 uouituopnnulcn.
1207 363 1259 450 57

217 567 301 638 est:
336 555 463 638 Glob.
485 584 525 637 x.
542 557 611 641 vel
630 557 700 638 xii.
714 558 757 638 in
776 541 964 665 plurimis
984 552 1152 636 casibus
1171 553 1258 635 suf-

219 705 379 786 ficiunt.

282 893 554 958 CALCAREA.
599 894 875 977 (CALCAREA
898 893 1205 978 CARBONICA.)

507 1047 642 1125 Triginta
654 1048 867 1107 attenuationes
890 1029 970 1124 (X).

276 1176 466 1257 Granum
479 1202 610 1255 unum
631 1174 770 1258 Calcis
790 1172 1015 1256 albissimus
1035 1186 1164 1282 atque
1184 1176 1263 1256 fra·

216 1325 327 1434 gilis,
350 1326 436 1431 qua
464 1323 636 1405 'conchae
662 1333 897 1404 ostrearum
924 1323 1038 1404 intus
1072 1325 1265 1406 conflatae

219 1487 333 1578 sunt,
353 1503 449 1556 cum
470 1474 680 1556 Sacchano
702 1473 846 1556 Laetis
866 1486 956 1555 tere
974 1484 1021 1555 et
1042 1475 1170 1556 modo
1191 1501 1265 1556 an-

219 1625 421 1735 tipsorico
441 1651 558 1732 para.

275 1776 406 1859 D'osis
420 1771 613 1856 z-Glob.
641 1772 686 1880 ij.
716 1772 1070 1880 duodevigesima
1096 1785 1267 1856 attenu-

219 1925 384 2010 ationis.
448 1925 555 2005 Sunt
574 1935 718 2004 tamen
737 1920 930 2004 homines
952 1922 1181 2004 adui'odum
1200 1952 1267 2005 ro-

217 2077 349 2178 busti,
373 2074 543 2183 quibus,
566 2073 602 2154 si
632 2073 840 2156 chronicis
865 2071 1023 2154 morbis
1051 2072 1263 2176 laborant,

220 2240 321 2310 octo
349 2228 418 2311 vel
450 2228 600 2307 decem
628 2225 697 2306 vel
735 2223 960 2306 duodecim
986 2224 1148 2332 globuli
1178 2226 1268 2308 dari

221 2375 408 2473 debent3
441 2375 506 2474 iis,
530 2401 709 2481 quorum
729 2373 846 2455 nervi
872 2384 970 2476 sunt
1000 2372 1178 2470 debiles,
1200 2377 1265 2458 ul-

221 2529 395 2611 teriores
430 2527 758 2627 attenuationes‚
790 2536 920 2642 atque
954 2525 1008 2607 de
1040 2525 1105 2608 his
1138 2554 1269 2636 parva

220 2691 385 2762 tantum
408 2678 638 2787 quantitas,
655 2665 923 2784 cauveniunt.

276 2830 459 2914 Duratio
475 2829 625 2911 :-—Per
645 2827 951 2935 quinquaginta
972 2829 1061 2910 dies
1081 2840 1125 2910 et
1143 2831 1266 2913 ultra.

276 2978 651 3062 Antid.—Soluti0
673 2976 940 3084 camphora,
958 2979 1041 3079 vel,
1057 2981 1173 3085 quod
1183 3007 1268 3064 me·

220 3131 301 3212 lius
314 3126 710 3237 est,Spi1itusNitri
721 3125 873 3208 Dulcis
886 3126 1059 3209 naribus
1073 3131 1269 3213 admotus

222 3279 331 3362 vires
353 3279 468 3360 dosis
483 3277 636 3376 nimiae,
655 3274 862 3384 cujusque
879 3277 1092 3383 quantitas
1104 3280 1266 3364 homoe-

223 3427 577 3537 opathiaelegibus
585 3428 845 3527 adversatur,
857 3427 1016 3535 optime
1024 3433 1267 3538 compescit.

277 3557 397 3660 N'.B.
417 3579 630 3660 Calcareae
644 3576 833 3657 Aceticae
848 3577 1049 3658 solutioni
1066 3573 1271 3664 Calcarea

224 3707 516 3812 Carboniuain
527 3727 738 3808 medicina
752 3727 991 3808 exercenda
1009 3727 1270 3837 praeferenda

224 3889 304 3976 est,
336 3887 432 3959 'cum
461 3879 532 3958 illa
561 3904 649 3958 non
675 3888 764 3957 tam
789 3876 899 3958 bene
922 3891 1050 3986 atque
1075 3897 1271 3968 accurate

223 4027 463 4137 praeparari,
485 4054 625 4134 neque
652 4025 740 4136 ejus
759 4029 874 4111 dosis
901 4042 1018 4112 recte
1049 4057 1074 4112 a
1103 4030 1271 4116 medico

224 4178 425 4260 constitui
442 4179 589 4285 possit.
