3058 5040
523 391 880 448 nonrmommncn.
1171 362 1223 439 85

84 605 86 608 ·
181 555 417 660 discedant,
438 562 655 658 admove,
696 570 825 666 atque
879 555 1033 636 deinde
1081 551 1221 634 Acido

179 704 429 815 Sulphurioo
448 710 548 790 forti
562 708 801 791 commisce.
837 706 965 787 Hanc
980 704 1218 799 mixturam,

178 864 225 934 ut
257 869 642 965 quantumcumque
677 859 717 939 ei
749 859 859 939 inest
888 854 1015 937 Acidi
1048 848 1225 948 Muriati

180 1005 432 1111 expellatur,
471 1005 558 1087 leni
612 1007 743 1088 calori
795 1031 973 1114 expone.
1054 998 1222 1081 Deinde

177 1180 296 1252 vero,
317 1155 600 1263 Mangonesio
627 1156 788 1255 addito,
805 1157 974 1237 retortae
993 1149 1224 1233 immissam

178 1302 352 1384 fortiore
370 1305 469 1412 igne
488 1305 679 1402 calefac;
722 1306 804 1385 hae
833 1304 946 1385 enim
972 1301 1134 1383 ratione
1159 1299 1222 1396 fit,

178 1465 226 1533 ut
255 1453 284 1534 J
286 1454 429 1535 odium
463 1482 489 1535 a
520 1456 691 1563 reliquis
730 1453 975 1562 corporibus
1013 1449 1220 1545 discedat,

179 1613 309 1708 atque
330 1603 374 1682 in
393 1629 573 1709 vapores
592 1602 805 1685 violaceos
824 1613 1035 1683 mutatum
1062 1623 1225 1700 sursum

116 1831 119 1838 .
177 1751 348 1832 feratur.
388 1750 448 1830 Hi
466 1779 645 1860 vapores
666 1751 949 1859 superioribus
967 1751 1130 1856 lagenae
1144 1773 1222 1856 pa·

177 1898 355 1980 rictibus
375 1887 643 2008 squamarum
671 1901 820 2000 instar,
854 1927 949 2008 quae
980 1900 1163 1980 coeruleo
1182 1896 1226 1976 in

104 2062 106 2065 ’
166 2029 346 2128 ¹fuscum
370 2061 572 2156 vergente
602 2051 745 2131 colore
771 2051 916 2133 tinctae
943 2061 1057 2150 sunt,
1081 2049 1222 2131 adhae·

178 2208 367 2296 rescunt,
385 2210 513 2306 atque
528 2209 706 2282 exemtae
719 2200 763 2279 in
779 2199 957 2280 officinis
971 2199 1222 2279 venduntur.

235 2346 425 2428 Pulveris
444 2345 569 2454 hujus
590 2348 766 2431 remedii
787 2375 964 2456 granum
988 2376 1119 2429 unum
1150 2374 1223 2430 eo-

178 2499 280 2578 dem
311 2483 454 2591 mod0‚'
476 2496 540 2577 uti
573 2500 761 2580 remedia
780 2498 1050 2607 antipsorica,
1072 2510 1224 2602 tracta,

179 2659 310 2753 atque
330 2646 385 2726 ad
405 2646 653 2729 dilutionem
672 2648 932 2756 trigesimam
952 2649 1128 2757 explica.

167 2842 170 2846 ·
237 2796 370 2877 Dosis
386 2795 585 2876 :-Glob.
605 2795 662 2904 iij
688 2798 757 2880 vel
783 2797 836 2878 iv.
858 2798 1085 2904 trigesimae
1116 2814 1224 2885 atte-

179 2944 407 3036 nuationis.

237 3093 421 3176 Durat-io
434 3095 623 3188 :-Ultra
643 3098 923 3204 quadraginta
942 3098 1042 3180 dies.

521 3292 882 3359 IPECACUANHA.

182 3426 436 3538 (Cephaelis
457 3426 757 3538 ‘Ipecacuanha
783 3426 948 3523 willa,
981 3427 1230 3536 Psychotria

555 3575 748 3658 Emetica
768 3576 846 3686 L.)

508 3719 583 3778 Tres
596 3721 808 3781 attenuationes
834 3705 902 3801 ·.(Ῑ)

240 3849 436 3929 Eundem
465 3845 654 3943 modum,
671 3842 765 3953 'quo
792 3848 845 3930 de
874 3851 1033 3958 plantis
1060 3855 1229 3942 siccatis

185 4009 445 4109 praeceptum
460 4006 541 4093 est,
564 4020 753 4103 sequere.
1208 3983 1209 3990 Ν

239 4145 531 4231 Dos.-Glob.
547 4144 590 4252 ij.
606 4145 676 4225 vel
687 4144 747 4257 iij.
765 4149 900 4234 tertiae
913 4143 1229 4242 attenuationis.
