3084 5040
553 407 911 464 aouoeorararca.
1207 385 1260 458 41

213 599 315 656 num
348 571 480 656 urium
510 575 690 657 terendo
724 601 821 656 cum
852 572 1262 682 nonagintanovem

213 723 412 807 Sacohari
429 725 575 806 Lactis
594 725 734 832 granis
747 724 802 805 ad
812 723 982 805 tertiam
1002 723 1260 805 attenuatio·

213 899 312 953 nem
342 873 522 981 explica,
555 872 709 954 deinde
744 872 874 954 vicies
903 871 1061 980 septies
1091 873 1136 954 in
1161 873 1263 955 Vini

189 1022 370 1131 ¹Spiritu
390 1049 526 1131 usque
555 1024 610 1105 ad
635 1021 894 1129 trigesimam
923 1021 1172 1104 dilutionem
1199 1035 1263 1106 at-

214 1184 345 1252 tenua
361 1172 491 1253 modo
510 1171 810 1252 Remediorum
827 1169 1205 1280 Antipsoricorum.

270 1319 568 1404 Dos—Glob.
585 1320 629 1430 ij.
647 1321 871 1428 trigesimae
886 1333 1023 1405 atton:
1046 1325 1090 1405 in
1103 1321 1263 1408 morbis
1313 1307 1316 1314 ¹

214 1473 367 1573 acutis,
388 1473 432 1552 in
451 1473 659 1557 chronicis
676 1499 778 1556 vero
795 1472 1005 1556 vicesimae
1026 1485 1198 1581 quartae.

269 1623 586 1732 Dura—Saepe
605 1625 716 1705 ultra
734 1623 824 1706 dies
847 1622 1033 1729 triginta.

269 1772 719 1881 Antid.-Camph0ra
734 1785 776 1853 et
791 1773 821 1853 J
823 1772 972 1880 uglans
992 1799 1262 1883 compescere

212 1934 406 2032 possunt.

505 2130 760 2197 ANGELICA
783 2130 973 2197 SATIVA.

410 2253 640 2391 (Angelica
659 2233 968 2388 Archangeiioa
986 2277 1064 2388 L.)
1153 2351 1155 2356 .

497 2432 633 2498 Quatuor
647 2431 859 2492 attenuationes
876 2426 967 2534 (ᾗ)

193 2661 195 2666 ,
269 2580 397 2663 Hanc
411 2578 597 2661 radicem
608 2578 877 2686 inpulverem
885 2579 1103 2663 redactam
1112 2582 1263 2665 eodem

214 2730 343 2812 modo
361 2730 425 2811 uti
443 2728 652 2811 Remedia
678 2727 949 2838 Antipsorica
980 2758 1100 2840 para,
1132 2745 1176 2814 et
1208 2734 1263 2815 ad

68 2993 72 3000 ι
212 2877 548 2961 attenuationem
570 2891 763 2987 quartam
781 2879 939 2987 redige.

460 3146 779 3212 auousruam
803 3148 1015 3214 coarax.
1057 3121 1061 3128 '

215 3281 501 3391 (Angustura,
523 3279 792 3389 Bonplandia
811 3280 1013 3364 trifoliata
1032 3282 1262 3397 Willden.)

503 3449 617 3508 Novem
632 3449 843 3508 attenuationas
859 3432 971 3529 (ΠΙ).

269 3557 589 3687 Quinquaginta
622 3603 754 3684 grana
790 3604 886 3659 cum
933 3580 1048 3662 mille
1085 3581 1264 3693 Spiritus

212 3732 313 3814 Vini
333 3729 465 3837 guttis
484 3727 615 3808 misce
635 3737 678 3808 et
697 3752 775 3834 per
793 3754 868 3809 sex
886 3730 977 3812 dies
999 3713 1176 3840 sepone,
1197 3734 1261 3843 ig·

213 3908 310 3962 nem
330 3908 418 3962 non
438 3857 669 3961 adhibens:
702 3878 801 3961 dein
828 3880 882 3961 ad
909 3883 1261 3965 nonam‘dilutio·

213 4041 313 4112 nem
334 4042 521 4113 attenua.
565 4029 722 4112 Melius
739 4043 803 4113 est
824 4033 952 4114 modo
968 4033 1264 4142 Antipsorioo-

212 4209 306 4263 rum
324 4179 474 4289 parari.
