3058 5040
294 341 374 426 104
646 377 995 435 ruuuuucouoem

291 565 346 622 ex
356 539 467 622 ferro
480 553 553 624 aut
566 543 752 646 cobalto,
770 549 867 648 &ui
880 544 1149 656 purgandum
1165 541 1282 626 solve
1296 539 1342 620 in

293 690 432 771 Aeido
463 690 712 802 Sulphurico
732 697 884 797 diluto,
917 709 960 779 et
982 722 1182 779 consume
1202 695 1340 776 donec

293 840 451 924 siccum
463 857 607 926 restet.
653 847 778 931 Solve
793 848 945 929 iterum
961 859 1026 928 ter
1046 858 1118 927 aut
1135 856 1286 954 quater
1296 842 1341 922 in

292 991 444 1074 eodem
456 995 578 1079 acido
587 1007 813 1105 etvaporet
830 998 970 1105 liquor
977 997 1116 1080 donec
1130 995 1194 1078 sal
1206 993 1342 1077 exsic-

292 1152 439 1241 cetur3
484 1144 581 1226 dein
612 1146 727 1229 solve
761 1146 805 1227 in
835 1146 1023 1255 Liquore
1056 1144 1342 1226 Ammoniae.*

291 1291 602 1402 Consumptum
647 1295 783 1378 donee
816 1297 976 1379 siccum
1018 1305 1168 1395 restet,
1209 1293 1341 1375 misce

291 1472 388 1526 cum
399 1444 524 1527 tertii
536 1457 608 1526 aut
622 1447 774 1553 quartu
784 1460 905 1555 parte
918 1446 982 1530 sui
993 1445 1342 1557 ponderisfluxus

291 1594 399 1703 nigri
418 1605 461 1678 et
481 1594 525 1676 in
547 1595 761 1679 crucibulo
796 1598 983 1706 positum
1015 1596 1157 1704 magni
1185 1596 1342 1706 gradus

291 1745 476 1828 calorem
495 1737 661 1855 applica
678 1773 754 1854 per
772 1763 798 1844 {-
817 1757 890 1829 aut
909 1761 935 1842 ff
952 1748 1080 1832 horae.

345 1895 540 1980 Terendo
566 1924 697 1978 unum
721 1895 889 1980 Niccoli
915 1926 1093 2006 granum
1128 1925 1225 1980 eum
1257 1924 1338 1980 no-

289 2047 464 2155 naginta
497 2073 651 2130 novem
684 2047 882 2131 Succhari
911 2050 1056 2132 Laetis
1076 2049 1217 2158 granis
1236 2075 1342 2157 para

289 2226 426 2307 usque
444 2197 678 2281 adtertiam
694 2201 1053 2300 attenuationem
1079 2198 1196 2283 solve
1211 2199 1343 2283 vicies

290 2350 448 2460 septies
478 2349 522 2430 in
541 2349 643 2432 Vini
664 2351 821 2458 Spiritu
852 2377 987 2461 usque
1008 2351 1064 2433 ad
1082 2350 1343 2456 trigesimam

288 2500 418 2584 modo
438 2500 802 2610 untipsou‘eorum.

345 2651 477 2734 Dosis
497 2651 696 2734 :—Glob.
726 2652 753 2734 i.
789 2666 862 2734 aut
897 2652 942 2764 ij.
973 2652 1199 2764 trigesimae
1234 2662 1344 2736 atte-

290 2801 515 2890 nuationis.

607 3026 713 3092 NUX
737 3025 1019 3092 MOSCHATA.

513 3184 762 3294 (Myristica
781 3181 1014 3266 Offieinalis
1034 3181 1114 3291 L.)

624 3379 699 3437 Tres
713 3379 927 3437 attenuationes
946 3357 1011 3456 (Ι).

345 3557 487 3639 Unam
528 3568 695 3665 pauem
732 3555 903 3637 Nucum
940 3554 1264 3637 Moschatarum
1296 3553 1341 3634 in

288 3708 508 3823 pulverem
537 3708 804 3790 redacturum
839 3732 935 3787 cum
980 3704 1130 3812 viginti
1161 3701 1341 3812 Spiritus

326 4030 345 4066 ⁵
365 4029 401 4088 In
415 4028 543 4107 Liquore
558 4026 723 4087 Ammoniae
738 4045 796 4084 non
807 4025 895 4084 debet
909 4045 973 4084 esse
988 4024 1115 4084 Acidum
1130 4023 1342 4083 Carbonicum:

286 4133 342 4192 hoc
357 4131 441 4192 facile
454 4131 530 4192 scire
543 4141 641 4214 potest
664 4128 689 4192 ui
711 4149 769 4191 nou
784 4126 911 4188 demittit
925 4147 1015 4210 quum
1041 4126 1156 4188 Murius
1175 4124 1271 4188 calcis
1291 4123 1344 4184 ud·

281 4236 410 4320 jiciatur.
