3058 5040
274 367 353 443 108
637 389 988 446 PHARMACOPOEIA

713 605 885 673 OPIUM.

496 767 700 875 (Papaver
721 765 1005 848 Somnifemm
1030 762 1099 863 L.)

562 958 697 1037 Triginta
709 959 922 1018 attenuationes
937 941 1023 1038 (X).

326 1095 647 1206 Quinquaginta
666 1124 797 1205 grana
815 1094 917 1204 Opii
945 1092 990 1177 in
1012 1094 1233 1203 pulverem
1255 1118 1321 1173 re-

273 1246 387 1329 dacti
407 1273 504 1327 eum
521 1244 636 1328 mille
655 1244 836 1354 Spiritus
856 1243 958 1327 Vini
978 1245 1111 1352 guttis
1131 1244 1261 1324 misce
1278 1253 1323 1324 et

271 1393 461 1502 quotidie
485 1392 624 1501 agita:
662 1395 802 1476 lenem
832 1393 1123 1477 cubiculorum
1154 1403 1323 1476 nostro-

269 1570 362 1624 rum
382 1543 567 1626 calorem
586 1543 791 1627 adhibens
809 1571 888 1654 per
906 1544 1222 1627 hebdomadem
1249 1570 1317 1626 se·

268 1721 409 1804 pone:
449 1695 549 1777 dein
584 1695 792 1804 liquorem
828 1696 1049 1805 limpidum
1088 1724 1114 1778 a
1144 1693 1319 1778 faecibus

270 1844 469 1928 defunde.

323 1994 466 2104 Hujus
485 2007 651 2104 guttam
670 2025 799 2080 unam
823 2025 920 2080 cum
950 1999 1193 2107 quingentis
1221 1999 1320 2107 Spi-

268 2143 372 2228 ritus
412 2145 514 2228 Vini
555 2148 686 2254 guttis
724 2148 869 2231 misce.
948 2149 1048 2232 Hoc
1088 2148 1318 2231 secundam

267 2295 487 2378 constituit
507 2296 857 2380 attenuationem.
915 2298 1032 2380 Dein
1064 2299 1119 2381 ad
1152 2297 1318 2406 trigesi-

267 2478 381 2532 mam
400 2450 649 2534 dilutionem
671 2450 847 2558 explica.

322 2600 440 2682 N.B.
452 2599 580 2681 Nunc
593 2611 736 2682 autem
746 2599 991 2710 hoccorpus
1008 2600 1161 2683 eodem
1172 2602 1317 2699 modo,

268 2778 353 2860 quo
374 2749 645 2859 antipsorica‚
666 2761 885 2833 tractatur.

321 2903 454 2986 Dosis
471 2900 671 2984 2-Glob.
689 2901 734 3010 ij.
749 2901 976 3009 trigesimae
996 2903 1313 2986 attenuationis.

322 3049 755 3158 Duratioz-Aliquot
775 3051 975 3132 horarum
993 3051 1145 3160 spatio

320 3201 1058 3311 Antid.—'Iinoturalpecacuanhae,
1071 3202 1315 3311 Camphora

266 3368 310 3441 et
340 3355 551 3467 praecipue
591 3351 748 3434 Coffeae
784 3351 971 3433 infusum
1003 3352 1114 3435 forte
1151 3379 1228 3463 per
1266 3381 1316 3436 os

266 3520 395 3614 atque
444 3530 571 3586 anum
611 3503 841 3607 ingestum,
883 3500 1084 3610 adjtmctd
1126 3507 1316 3614 corporis

264 3654 472 3742 frictione.
532 3650 631 3750 His,
652 3649 729 3732 ubi
748 3651 882 3758 algor,
904 3662 1052 3761 torpor
1075 3663 1119 3735 et
1150 3681 1316 3738 summa

264 3804 550 3891 musculorum
558 3798 752 3882 debilitas
765 3801 1314 3908 supervenerint,Balneum

268 3956 462 4043 Calidum
481 3951 612 4036 debet
632 3950 850 4033 accedere.
