3084 5040
286 361 343 436 40
635 387 987 443 Pnaaunoororm

288 574 425 629 arenae
442 550 707 654 immittatur,
730 581 815 663 quo
834 553 1018 662 pertinet
1036 533 1235 662 mixtura,
1257 545 1331 627 de-

286 696 385 779 inde
406 713 547 783 autem
566 702 737 784 subdito
756 705 854 811 igne
870 701 1142 785 Ammonium
1153 699 1198 780 in
1211 721 1334 803 supe-

153 869 155 874 ·
286 846 439 930 riorem
471 848 634 956 lagenae
666 866 831 958 partem
866 850 1098 933 attollatur.
1157 837 1335 952 Lugent

287 996 424 1077 fracte
440 998 673 1079 remedium
694 1001 914 1081 eximatur.

341 1146 614 1228 Ammonium
645 1149 927 1231 Carbonicum
958 1149 1109 1230 eodem
1139 1145 1269 1227 modo
1288 1156 1337 1224 ut

285 1295 329 1376 in
349 1297 566 1378 Remediis
588 1299 867 1407 Antipsoricis
892 1325 1028 1405 usque
1055 1297 1110 1379 ad
1136 1301 1348 1378 attenua·¹

287 1443 448 1525 tionem
467 1445 853 1554 duodevigesimum
872 1475 987 1556 para.

342 1595 474 1676 Dosis
494 1595 708 1679 z—Glob.
746 1596 788 1707 ij.
835 1597 1183 1679 duodevicesimae
1226 1608 1334 1679 atte-

285 1745 511 1827 nuationis.

340 1897 616 1980 Dura—Per
634 1901 808 2006 triginta
833 1927 907 1981 sex
925 1900 1015 1980 dies
1035 1910 1163 2008 atque
1181 1899 1303 1979 ultra.

340 2047 486 2130 Antid.
505 2097 560 2109 —-
577 2050 818 2157 Camphora
848 2049 1000 2137 soluta,
1048 2047 1221 2130 naribus
1257 2046 1331 2127 ad·

282 2209 415 2298 mota,
439 2204 608 2282 co'e'rcet
628 2212 670 2281 et
691 2200 841 2308 Hepar
857 2198 1092 2306 Sulphuris.

488 2457 769 2523 AMMONIUM
793 2458 1125 2524 MURIATICUM.

530 2718 533 2724 Ι
577 2637 710 2713 Triginta
724 2639 936 2696 attenuationes
952 2621 1024 2714 (X)

336 2760 480 2843 Unum
500 2762 793 2871 crystallorum
812 2790 990 2871 granum
1006 2792 1102 2845 eum
1121 2763 1333 2846 Sascharo

280 2911 425 2994 Laetis
453 2925 543 2996 tere
575 2924 656 3012 ter,
690 2923 733 2993 et
764 2939 861 2992 cum
892 2911 1049 3018 Spiritu
1063 2913 1180 2994 -Vini
1204 2914 1334 2994 modo

281 3045 644 3172 Antipsoricorum
657 3060 711 3141 ad
732 3062 1064 3143 attenuationem
1078 3061 1336 3171 trigesimam

283 3214 409 3295 dilue.

337 3329 673 3446 Dosis:-G10b.
691 3363 734 3470 ij.
749 3365 817 3446 vel
832 3365 886 3446 iv.
905 3364 1127 3446 tricesimae
1140 3375 1335 3446 attenua-

283 3513 422 3595 tionis.

477 3721 812 3789 ANACARDIUM
838 3724 1140 3789 ORIENTALE.

455 3873 760 3982 (Semecarpus
781 3874 1066 3955 Anacardium
1085 3873 1165 3983 L.)

572 4043 706 4119 Triginta
720 4043 932 4101 attenuationes
948 4024 1031 4120 (X).

336 4172 516 4254 Seminis
536 4171 578 4250 in
598 4169 814 4276 pulverem
830 4169 1029 4251 subtilem
1045 4171 1221 4272 redacti,
1235 4197 1336 4280 gra-
