3058 5040
302 367 357 441 80
644 390 994 442 PHARMACOPOEIA

354 555 455 635 Hoc
472 555 705 635 remedium
723 556 877 636 eodem
903 555 1049 653 modo,
1076 556 1140 636 uti
1157 554 1343 636 remedia

297 704 568 810 antipsorica‚
587 731 705 810 para

350 852 688 932 Dosis:-Glob.
717 852 761 960 ij.
786 855 856 934 vel
882 853 941 961 iij.
967 852 1337 960 duodevigesima,

294 1003 365 1083 vel
388 1003 601 1108 vigesimae
624 1018 801 1110 quartae,
825 1007 896 1086 vel
922 1006 1146 1111 trigesimae
1168 1015 1336 1086 attenu-

296 1151 462 1232 ationis.
1232 1205 1236 1212 -

348 1301 532 1381 Duratio
544 1302 678 1381 :—Ad
697 1303 1149 1412 duodeqnmqnaginta
1167 1302 1269 1382 dieu.

348 1449 816 1552 Antid.-·Arsenicum‚
837 1454 938 1534 Nux
948 1453 1146 1552 Vomiea,
1160 1450 1333 1532 Vinum.

493 1684 751 1750 GRATIOLA
774 1686 1076 1752 OFFICINALIS
1100 1686 1140 1751 L.

563 1838 728 1895 Duodecim
741 1839 953 1897 attenuatione
967 1821 1068 1915 (IV).

347 1974 500 2055 Mense
539 1972 687 2070 Junio,
718 1999 803 2077 quo
839 1972 988 2053 florere
1027 1973 1171 2080 coepit,
1213 1971 1331 2052 colli·

290 2124 429 2232 genda
448 2133 524 2203 est.

345 2256 539 2336 Plantam
571 2265 707 2334 totam
746 2256 950 2362 expn'me,
992 2266 1035 2335 et
1075 2255 1130 2334 ad
1171 2254 1332 2336 duode-

290 2405 443 2485 cimam
473 2402 719 2482 dilutionem
751 2403 880 2483 modo
912 2403 1153 2510 plantarum
1187 2430 1332 2485 recen·

289 2554 396 2634 tium
415 2548 592 2656 explica.

218 2755 220 2761 ,
334 2697 681 2793 ¹Doaisz--Glob.
706 2698 734 2777 i.
755 2699 825 2779 vel
849 2698 906 2806 iij.
931 2713 1077 2798 sextae,
1113 2727 1237 2781 nonae
1262 2701 1333 2784 vel

288 2848 550 2931 duodecimae
569 2848 883 2929 attenuationis.

604 3064 813 3130 GUAJACI
837 3066 1018 3131 GUMMI.

507 3203 771 3314 (Guajaeum
791 3206 1012 3289 Offieinale
1031 3209 1109 3319 L.)

346 3373 483 3455 Unam
497 3359 667 3479 'partem
686 3371 810 3478 hujus
830 3371 1000 3454 Resinae
1026 3374 1176 3481 viginti
1194 3376 1326 3483 parti.

286 3525 365 3606 bus
387 3520 567 3629 Spiritus
586 3518 687 3598 Vini
707 3519 835 3600 solve.

341 3669 473 3755 Dosis
485 3667 758 3750 :-Tinctm·ae
779 3680 1063 3750 concentratae
1083 3681 1205 3776 gutta
1218 3671 1328 3753 inte-

286 3848 360 3931 gra
396 3821 441 3900 in
474 3843 594 3923 aquae
629 3816 784 3923 tepidae
820 3816 989 3897 unciam
1026 3845 1154 3899 unam
1188 3819 1329 3902 infusa

282 3971 394 4055 bene
414 3968 608 4074 agitetur.

340 4114 522 4200 Duratio
539 4113 728 4194 :-Ultra
747 4108 922 4241 triginta
940 4112 1127 4220 quinque
1147 4114 1249 4197 dies.
