3058 5040
551 403 906 460 nonanonnrulcn.
1179 387 1255 468 137

529 617 667 686 ΤΗΕΑ
690 617 942 686 CAESAREA.

526 775 669 885 (Thea
687 777 846 861 Viridis
864 777 943 888 L.)

529 948 607 1006 Duae
621 949 834 1012 attenuationes
847 950 915 1030 (2).

265 1098 408 1182 Unam
426 1099 557 1184 Theae
577 1102 622 1184 in
638 1103 858 1212 pulverem
882 1101 1066 1185 redaetae
1091 1114 1258 1212 partem

211 1277 306 1336 eum
325 1251 474 1360 viginti
495 1253 678 1363 Spiritus
696 1251 799 1335 Vini
826 1226 1020 1362 partibus
1050 1252 1181 1336 misce
1212 1266 1256 1338 et

209 1426 286 1508 per
305 1427 381 1496 sex=
398 1400 488 1485 dies
510 1427 685 1511 sepone,
712 1400 937 1484 mixturam
957 1402 1146 1512 quotidie
1167 1404 1256 1512 agi-

184 1615 189 1624 .
209 1562 333 1653 tans3
367 1553 465 1635 dein
484 1554 539 1637 ad
565 1553 796 1635 secundam
825 1554 1162 1638 attenuationem
1180 1583 1253 1639 ex-

207 1701 332 1808 plica.

264 1853 395 1936 Dosis
415 1854 616 1938 :-Gutta
634 1856 660 1938 i.
682 1855 880 1940 seeundae
900 1857 1213 1942 attenuationis.

423 2181 585 2251 THUJA
609 2185 972 2254 OCCIDENTALIS
1000 2187 1041 2254 L.

496 2355 632 2435 Triginta
642 2357 858 2418 attenuationes
886 2338 967 2433 (X).

264 2526 480 2610 Foliorum
510 2501 576 2609 eo
593 2536 802 2635 tempore,
829 2554 915 2635 quo
944 2527 1096 2610 florere
1129 2530 1257 2639 eoepit

116 2655 123 2666 ⁸
208 2678 348 2779 arbor,
371 2678 667 2788 decerptorum
687 2687 816 2786 atque
835 2676 880 2758 in
903 2688 1075 2760 tenuem
1093 2681 1256 2789 pultem

208 2839 497 2928 contusorum,
518 2853 646 2909 unam
670 2839 836 2936 partem
858 2855 954 2909 cum
976 2829 1140 2911 duabus
1162 2830 1257 2939 Spi-

206 2979 312 3062 ritus
345 2978 446 3060 Vini
482 2977 673 3088 partibus
709 2976 962 3075 commisce3
997 3007 1082 3086 quo
1120 2981 1253 3083 faet0,

208 3156 382 3212 succum
409 3127 611 3238 exprime.
667 3125 773 3207 Tres
803 3124 929 3232 hujus
963 3127 1078 3208 suoei
1112 3139 1256 3235 guttas

209 3309 304 3364 oum
337 3279 568 3387 nonaginta
602 3289 766 3386 septem
797 3276 976 3386 Spiritus
1004 3277 1106 3359 Vini
1124 3280 1255 3386 guttis

208 3431 334 3541 agita.
406 3431 506 3513 Hoc
536 3427 715 3538 primam
743 3425 870 3508 efficit
904 3429 1253 3510 attenuationem.

209 3581 323 3665 Dein
344 3581 398 3662 ad
416 3579 673 3687 trigesimam
692 3576 1027 3660 attenuationem
1046 3577 1224 3688 explica.
1309 3627 1311 3632 ·

261 3731 394 3816 Dosis
407 3729 601 3812 z-Glob.
630 3727 671 3836 ij.
693 3728 916 3836 trigesimae
937 3726 1252 3810 attenuationis.

262 3880 445 3964 Duratio
462 3879 716 3962 z-Minimae
747 3879 876 3962 etiam
906 3849 1032 3960 doses
1061 3903 1141 3986 per
1168 3888 1255 3958 tres
1322 3991 1325 3999 Ι

209 4031 500 4115 hebdomadas
520 4032 713 4112 efficaces
734 4040 846 4110 sunt.

261 4182 494 4266 Antidotus
509 4178 831 4287 z-Camphora.
