3058 5040
530 391 888 447 nonoeornrnron.
1182 378 1236 461 93

190 553 298 634 siam
316 551 607 666 Sulphuricam
628 559 740 665 aquil
759 558 875 640 solve
895 572 1024 666 atque
1040 559 1239 642 solutioni

145 809 153 821 Α
189 701 293 784 Kali
312 703 594 786 Carbonioum
614 707 723 789 adde
742 742 752 805 3
788 734 873 815 quo
893 709 956 808 fit,
978 721 1032 790 ut·
1055 709 1239 791 Aoidum

188 851 475 934 Carbonioum
513 880 559 936 se
595 854 824 963 conjungat
859 883 956 938 oum
997 858 1236 963 Magnesia.

189 1001 320 1098 Quod
339 1004 416 1102 sal,
438 1015 485 1087 ut
502 1032 655 1113 purum
681 1006 898 1105 reddatur,
926 1007 1107 1115 primum
1128 1009 1240 1116 aqui

189 1151 332 1251 ablue,
368 1152 521 1235 deinde
560 1181 661 1237 vero
701 1156 847 1238 charta
883 1154 1032 1239 bibula
1063 1156 1238 1239 humore

187 1299 530 1388 mmmmm

249 1452 441 1535 Granum
469 1453 561 1562 ejus
588 1455 734 1538 addito
764 1453 975 1539 Saooharo
994 1456 1155 1555 Laetis,
1184 1455 1239 1537 ad

190 1601 442 1684 dilutionem
456 1604 625 1687 tertiam
640 1615 828 1687 attenua.
889 1603 1033 1714 Hujus
1048 1617 1239 1689 attenua·
1276 1671 1278 1678 .

188 1753 318 1835 tionis
338 1781 516 1861 granum
535 1782 666 1837 unum
685 1754 842 1865 spiritu
865 1755 967 1838 Vini
987 1785 1148 1866 aquoso
1169 1785 1237 1840 so·

188 1901 329 1982 lutum
347 1901 413 1984 bis
434 1903 563 2010 agita,
596 1903 750 1987 deinde
780 1932 881 1989 vero
912 1905 1097 2012 reliquas
1132 1919 1240 1989 atte-

189 2051 416 2133 nuationes
437 2052 587 2134 adfuso
602 2052 758 2161 Spiritu
768 2053 871 2136 Vini
884 2055 1108 2162 purissimo
1123 2083 1238 2162 para.

248 2201 380 2282 Dosis
396 2200 594 2284 :—Glob.
623 2202 667 2300 i.,
697 2200 742 2309 ij.
763 2202 831 2285 vel
865 2201 924 2309 iij.
960 2200 1238 2305 duodecimae,

193 2349 369 2432 deoimae
394 2349 565 2456 quintae,
579 2349 647 2432 vel
667 2349 1018 2456 duodevigesima
1044 2363 1239 2433 attenua-

190 2497 349 2595 tionis3
383 2499 549 2604 aegrotis
568 2525 684 2597 vero,
722 2498 795 2604 qui
827 2497 951 2581 valde
981 2511 1078 2581 sunt
1111 2499 1243 2583 inita-

192 2645 319 2744 biles,
337 2643 550 2752 vigesimae
571 2655 730 2752 quartae
748 2646 816 2726 vel
834 2644 1071 2752 trigesimae.

249 2792 433 2878 Duratio
451 2793 601 2875 :—Per
631 2775 911 2901 quadraginta
943 2795 999 2876 ad
1032 2795 1239 2905 quinqua-

193 2944 314 3052 ginta
332 2940 434 3024 dieo.

470 3113 744 3184 MAGNESIAE
767 3114 963 3196 MURlAs.

438 3255 649 3335 Duodeviginti
663 3257 876 3318 attenuationes
889 3241 991 3338 (Vl).

251 3395 322 3476 Ad
339 3394 422 3474 hoc
441 3391 672 3475 remedium
693 3390 970 3476 obtinendum
983 3395 1122 3478 Aoido
1141 3398 1245 3481 Mu-

194 3544 359 3643 riatioo,
394 3542 518 3652 quale
537 3538 609 3621 Sal
627 3539 826 3622 Culinare
846 3569 941 3624 cum
961 3545 1053 3650 pari
1073 3548 1240 3652 quanti-

195 3704 285 3774 tate
322 3689 445 3771 Aoidi
477 3683 756 3795 Phosphorici
790 3686 983 3797 ejusque,
1016 3705 1243 3803 postquam

197 3841 473 3949 liquefactum
491 3838 643 3933 fuerat,
679 3840 775 3917 a'ere
800 3835 934 3920 libero
965 3841 1010 3921 in
1039 3842 1245 3949 liquorem
1310 3833 1313 3842 ’

200 3991 295 4072 oleo
333 3987 511 4070 similem
541 3983 693 4091 dilapsi
737 3984 989 4069 destillando
1028 4017 1244 4097 compara·
1326 4000 1329 4006 “

199 4149 284 4236 tur,
329 4147 496 4217 tantum
533 4133 769 4239 Magnesiae
807 4134 997 4235 solvitur,
1041 4143 1244 4245 quantum
1400 4159 1402 4164 '
1507 4233 1508 4264 Ν
