3058 5040
516 397 876 454 uonmoenrfflca.
1141 379 1219 454 103

411 631 610 696 NERIUM
634 631 910 697 OLEANDER
935 631 975 698 L.

360 813 363 820 '
495 811 556 870 Sex
569 812 782 872 attenuationes
794 793 884 889 (Π).

224 981 407 1066 Uneiam
437 985 635 1068 foliorum
660 987 907 1084 recentium,
940 986 1042 1068 dum
1070 983 1220 1093 planta

168 1131 320 1215 florere
356 1134 499 1244 eoepit,
544 1135 660 1245 quod
694 1136 742 1216 fit
777 1133 992 1217 mensibus
1024 1131 1142 1214 Julio
1174 1141 1217 1212 et

166 1284 383 1391 Auguste,
406 1283 704 1392 decerptorum
724 1297 853 1395 atque
872 1285 916 1366 in
934 1310 1065 1395 parva
1083 1283 1219 1365 frusta

167 1431 448 1517 dissectarum
474 1435 518 1523 in
550 1435 753 1518 mortario
786 1436 967 1546 primum
986 1435 1108 1518 tanta
1124 1431 1218 1542 Spi-

165 1582 272 1666 ritus
302 1583 405 1668 Vini
435 1587 688 1694 quantitate,
734 1588 896 1695 quanta
928 1614 1036 1697 opus
1067 1597 1133 1670 est
1163 1583 1220 1667 ad

166 1736 334 1844 pultem
347 1764 400 1818 ex
413 1737 464 1820 iis
481 1738 731 1846 parandam,
746 1737 889 1821 imbue
906 1774 918 1839 3
951 1737 1106 1822 deinde
1117 1764 1219 1822 vero

169 1911 267 1966 eum
299 1885 463 1993 reliqua
498 1887 676 1996 Spiritus
707 1888 809 1971 Vini
839 1888 1092 1998 quantitate,
1126 1915 1219 1998 quae

168 2063 266 2118 eum
285 2037 426 2145 priore
445 2037 615 2118 unciam
633 2037 761 2121 debet
781 2041 1006 2138 conficere,
1035 2038 1090 2120 ad
1107 2038 1220 2126 hane

168 2189 336 2297 pultem
356 2187 598 2272 diluendam
618 2189 858 2271 commisce.
919 2189 1100 2270 Suceum
1120 2187 1219 2269 inde

169 2363 417 2449 expressum
435 2364 513 2446 per
531 2337 692 2447 aliquot
710 2338 800 2423 dies
815 2341 914 2422 loeo
930 2350 1032 2448 apto
1044 2366 1217 2448 repone,

168 2499 217 2571 ut
237 2488 365 2569 faeees
385 2496 514 2594 atque
533 2487 748 2590 albumen,
767 2492 920 2600 quibus
940 2492 1119 2574 refertus
1138 2503 1218 2590 est,

170 2639 393 2724 considere
411 2640 596 2748 possint3
620 2667 706 2748 quo
724 2642 854 2742 factu,
876 2641 1046 2725 laticem
1071 2670 1218 2752 super-

168 2802 406 2892 natantem,
438 2791 511 2898 qui
539 2791 682 2873 viridis
717 2805 782 2874 est
814 2794 983 2894 eoloris,
1020 2794 1216 2877 defunde.

171 2943 354 3060 Guttam
374 2938 466 3048 ejus
486 2967 582 3020 cum
597 2952 769 3021 eentum
782 2940 960 3051 Spiritus
973 2942 1074 3025 Vini
1088 2943 1220 3051 guttis

167 3095 237 3179 bis
250 3095 385 3201 agita.
446 3092 546 3174 Hoe
573 3093 751 3202 primam
778 3094 997 3176 constituit
1026 3107 1219 3176 attenua-

42 3257 45 3264 '
130 3271 135 3278 ·
168 3249 348 3343 tionem,
372 3242 573 3352 deinceps
605 3243 660 3325 ad
689 3242 940 3326 dilutionem
959 3257 1123 3326 sextam
1142 3272 1215 3327 ex-

194 3399 292 3482 lica.

165 3430 195 3512 p
225 3547 356 3632 Dosis
372 3546 570 3630 t—Glob.
592 3544 636 3654 ij.
664 3555 795 3630 sextae
814 3545 1129 3630 attenuationis.

553 3796 825 3865 NICCOLUM.

454 3967 590 4047 Triginta
602 3969 814 4028 attenuationes
841 3947 926 4044 (X).

81 4233 85 4240 „
163 4098 166 4102 ⁵
229 4137 299 4219 Ad
316 4135 541 4219 Nieeolum
553 4162 605 4218 ex
618 4135 864 4244 corporibus
881 4136 1091 4219 extraneis
1108 4138 1212 4243 (scil.
