3058 5040
504 368 860 424 nouoeornrnroA.
1159 347 1213 434 95

170 531 376 638 purissimi
408 533 452 613 in
485 537 635 642 patera
673 545 822 616 exacte
860 543 1049 632 contere,
1083 544 1212 641 atque

173 680 323 764 deinde
361 685 494 793 parva
531 686 673 794 syrupi
711 713 735 767 e
772 684 983 766 Succharo
1028 682 1213 764 confecti

172 833 406 938 quantitate
426 832 700 915 commixtum
718 833 763 914 in
788 832 956 942 globos,
989 832 1062 940 qui
1092 858 1212 939 mag-

168 979 359 1065 nitudine
380 984 457 1064 sui
474 1009 556 1067 ova
579 983 813 1090 gallinacea
840 992 1009 1089 aequent
1040 1006 1214 1063 necesse

171 1141 250 1229 est,
293 1131 451 1238 redige.
538 1129 633 1212 Hos
671 1129 824 1236 globos
857 1129 970 1208 inter
1008 1125 1215 1209 carbones

171 1278 367 1360 ardentes
393 1279 558 1360 fortiter
588 1279 764 1378 calefac,
798 1278 859 1359 ita
883 1289 930 1358 ut
960 1275 1216 1383 aliquamdiu

170 1426 395 1509 candeant.
453 1429 494 1507 A
516 1425 769 1508 carbonibus
788 1404 974 1506 remotos
1000 1422 1114 1505 solve
1142 1434 1214 1503 aut

171 1579 286 1686 aquia
308 1579 417 1685 pura
448 1588 491 1660 et
509 1575 751 1676 'destinata
782 1587 855 1658 sut
888 1574 1120 1684 pluviatili3
1166 1573 1215 1655 li·

170 1705 293 1832 quori
338 1725 497 1830 insunt
531 1725 731 1833 Oxydum
773 1723 1043 1832 Mangonesii
1086 1735 1215 1831 etque

171 1872 373 1982 Oxydum
396 1874 524 1955 Ferri
576 1875 911 1981 'Mangonesium
932 1872 1216 1955 Carbonioum

170 2033 294 2104 nstro
329 2049 353 2102 e
386 2021 561 2130 limpido
597 2033 640 2103 et
676 2024 790 2104 claro
823 2022 988 2129 liquore
1021 2021 1213 2130 praeeipi-

169 2181 310 2252 tatum
335 2181 464 2278 atque
496 2171 609 2276 aqui
640 2168 742 2252 satis
777 2167 970 2251 ablutum
998 2169 1216 2276 pulverem

168 2317 317 2431 album
334 2318 479 2417 refert,
502 2318 576 2424 qui
593 2317 734 2400 Aceto
752 2317 986 2401 Destillato
1005 2317 1113 2424 ignis
1133 2343 1214 2425 ope

171 2466 278 2550 solvi
300 2465 445 2565 debet,
469 2465 607 2547 donec
633 2467 817 2549 Acetum
839 2434 1119 2572 Manganesio
1146 2492 1213 2547 se÷

170 2627 359 2698 turatum
396 2626 476 2714 est,
512 2616 629 2723 quod
663 2616 947 2724 cognoscitur,
981 2616 1032 2730 si
1053 2616 1215 2724 aliquot

170 2763 355 2872 pulveris
373 2762 591 2872 particulae
608 2763 653 2843 in
671 2764 756 2845 imo
778 2791 878 2846 vase
905 2765 1079 2847 haerent.
1138 2764 1213 2845 Li·
1258 2843 1260 2850 .

173 2940 350 3021 quorem
371 2913 712 3021 (Mangonesium
729 2909 967 3014 Aoeticum)
989 2914 1129 2997 calore
1154 2909 1216 2996 ita

170 3035 459 3168 inspissatum,
506 3072 553 3142 ut
600 3089 801 3172 syrupum
833 3073 985 3168 aequet,
1023 3072 1216 3149 attenua-

171 3207 358 3291 tionibus
369 3207 574 3328 ¹parandis
595 3208 761 3289 adhibe.

172 3363 174 3370 '
229 3356 473 3439 Consultius
502 3339 582 3456 est,
614 3355 750 3439 modo¹
777 3355 1008 3439 remedium
1041 3358 1219 3467 parandi

172 3506 360 3588 indicato
379 3505 497 3592 illum
526 3506 738 3612 praeferre,
770 3506 844 3613 qui
861 3506 906 3590 iu
923 3506 1120 3593 remediis
1141 3533 1214 3592 an-

172 3652 383 3762 tipsoriois
404 3651 642 3735 adhibetur.

130 3847 133 3852 Δ
229 3801 361 3886 Dosis
374 3801 578 3883 x2--Glob.
599 3802 627 3881 i.
648 3804 717 3883 vel
740 3801 784 3908 ij.
805 3802 1030 3910 trigesimae
1050 3816 1218 3892 attenu-

175 3951 338 4034 ationis.
921 3959 926 3978 ’·
