3084 5040
294 347 349 422 48
641 368 992 427 runnuncormm

531 669 850 754 ‘Ansuulcuu
890 685 1073 752 nuncu.

588 871 723 950 Triginta
737 870 949 930 attenuationes
963 855 1047 948 (X).

349 1015 541 1096 Granum
559 1042 690 1096 unum
708 1013 904 1095 Arsenici
922 1014 1024 1097 Albi
1051 1015 1095 1096 in
1121 1015 1342 1124 pulverem

291 1165 453 1247 redacti
467 1191 562 1246 cum
576 1165 712 1272 Aquae
726 1163 968 1244 Destillatae
983 1164 1194 1246 drachmis
1208 1189 1284 1247 sex
1297 1165 1343 1244 in

290 1315 482 1421 longiore
504 1325 547 1394 et
561 1312 754 1394 tenuiore
766 1283 923 1418 lugenti
934 1339 1062 1421 super
1077 1312 1248 1396 flamma
1263 1340 1338 1396 co·

293 1490 391 1571 que,
428 1462 566 1543 donec
594 1461 786 1570 perfecte
822 1462 1008 1544 solutum
1040 1463 1106 1544 sit.
1171 1464 1343 1570 Aquam

293 1612 488 1695 coctione
539 1611 584 1692 in
629 1637 811 1717 vapores
868 1623 1077 1692 mutatam
1123 1610 1337 1709 restitue3

292 1761 446 1843 deinde
492 1787 641 1868 parem
677 1758 859 1868 Spiritus
903 1760 1005 1841 Vini
1053 1762 1341 1870 quantitatem

293 1909 540 2020 (drachmas
570 1912 671 2020 sex)
703 1909 828 2001 adde,
865 1922 907 1990 et
927 1922 1145 2016 guttarum
1163 1936 1341 1993 numero

292 2061 483 2160 definito,
499 2071 667 2141 tantum
686 2059 740 2140 de
760 2059 956 2156 minuunt,
978 2087 1071 2166 quae
1090 2058 1184 2166 pari
1203 2085 1338 2166 quan-

290 2210 414 2294 titate
450 2238 571 2319 aquae
610 2221 740 2318 atque
774 2207 954 2317 Spiritus
988 2209 1090 2290 Vini
1123 2209 1341 2292 fortissimi

292 2358 380 2468 (85ο
401 2360 454 2440 ad
473 2357 560 2463 90⁰)
582 2359 772 2466 paranda
790 2370 873 2457 est,
904 2358 1110 2466 paulatim
1134 2357 1337 2457 adfunde,

288 2520 337 2590 ut
356 2519 473 2590 totus
491 2508 633 2614 liquor
652 2508 707 2588 ad
734 2534 958 2589 numerum
975 2507 1091 2589 mille
1122 2519 1338 2615 guttarum

291 2657 480 2741 accedat.
539 2654 611 2736 De
644 2654 728 2736 hoc
756 2656 922 2763 liquore
951 2667 1095 2762 guttas
1125 2656 1275 2737 decem
1294 2656 1338 2737 in

289 2806 503 2911 lagenam,
528 2831 622 2911 quae
635 2801 729 2909 jam
748 2805 982 2912 nonaginta
1006 2806 1139 2912 guttis
1157 2803 1337 2912 Spiritus

288 2952 390 3033 Vini
409 2953 569 3060 repleta
598 2963 680 3050 eat,
717 2951 890 3046 instilla,
925 2965 1055 3061 atque
1083 2954 1194 3035 hanc
1227 2952 1334 3034 mix·

194 3087 198 3096 ¹
288 3115 428 3185 turam
446 3100 513 3183 bis
535 3100 661 3207 agita.
722 3098 831 3180 Haec
858 3101 1090 3182 secundam
1119 3101 1336 3183 constituit

290 3251 638 3335 attenuationem.
686 3249 890 3356 Reliquas
906 3277 1008 3333 vero
1024 3251 1337 3333 attenuationes

287 3402 495 3511 usquead
513 3402 775 3508 trigesimam
792 3400 960 3507 legibus
981 3403 1198 3484 consuetis
1217 3429 1334 3510 para.

343 3549 688 3633 Dosisz-Glob.
710 3549 735 3630 i.
760 3549 830 3631 vel
849 3547 894 3655 ij.
921 3549 1149 3657 trigesimae
1169 3561 1337 3633 attenu-

289 3700 455 3787 ationis.
983 3699 992 3716 “

341 3849 525 3936 Duratio
537 3883 546 3929 z
557 3849 771 3955 -Magna
790 3847 906 3929 dosis
924 3847 978 3929 ab
996 3831 1178 3955 quatuor
1190 3846 1245 3929 ad
1259 3873 1335 3930 sex

287 4005 376 4086 fere
404 3996 713 4095 hebdomadas,
753 3996 891 4080 minor
930 4023 1031 4078 vero
1064 3994 1117 4077 ab
1153 4007 1254 4078 octo
1280 3994 1335 4076 ad

266 4203 272 4220 ,
287 4146 610 4256 quatuordecim
629 4143 734 4225 dies.
