3084 5040
550 382 905 437 noumorarnrca.
1191 353 1246 437 59

199 549 319 656 ginta
349 561 513 657 septem
529 551 708 658 Spiritus
727 550 827 632 Vini
847 545 979 655 guttis
1003 540 1242 624 commisce.

201 697 301 780 Hoc
323 698 502 807 primam
528 699 748 781 coustituit
775 695 1126 791 attenuationem,
1148 688 1247 771 dein

202 848 257 930 ad
278 851 528 931 dilutionem
549 879 706 932 nonam
729 850 907 958 explica.

256 1001 524 1082 Monendum
546 1013 627 1102 est,
647 1001 757 1084 vires
776 997 903 1105 hujus
932 996 1108 1078 remedii
1137 1022 1244 1077 non-

203 1153 305 1233 dum
324 1153 426 1232 satis
445 1178 539 1232 esse
560 1152 813 1259 exploratas.

257 1301 555 1383 Dos-Glob.
574 1301 619 1410 ij.
637 1302 705 1381 vel
716 1300 775 1407 iij.
794 1295 1095 1381 attenuationis
1107 1323 1244 1377 nonae.

311 1520 568 1587 CANNABIS.
615 1519 872 1604 (CANNABIS
897 1515 1077 1583 SATIVA
1102 1515 1155 1598 L.)

495 1674 631 1752 Triginta
644 1672 857 1732 attenuationes
877 1655 957 1750 (X).

261 1802 485 1885 Meusibus
503 1801 639 1900 Maio,
662 1801 691 1882 J
693 1801 793 1882 unio
811 1812 855 1882 et
873 1801 902 1882 J
903 1801 990 1882 ulio
1010 1801 1146 1882 floret.

261 1953 393 2035 Utere
413 1981 541 2035 succo
561 1979 615 2034 ex
632 1951 767 2034 herba
793 1964 836 2035 et
859 1953 986 2033 maris
1012 1963 1054 2032 et
1084 1952 1250 2036 feminae

204 2105 362 2215 plantae
375 2130 588 2210 expresso.
604 2102 714 2183 Cum
722 2103 997 2211 pariSpiritus
1005 2102 1107 2184 Vini
1114 2129 1249 2208 quan·

199 2255 330 2337 titate
354 2253 628 2336 commixtum
658 2280 736 2362 per
767 2255 927 2361 aliquot
960 2253 1051 2334 dies
1079 2278 1252 2359 repone,

204 2415 252 2485 ut
273 2403 331 2502 id,
354 2403 470 2511 quod
487 2402 707 2510 limpidum
734 2403 895 2483 factum
919 2413 1000 2501 est,
1023 2428 1049 2482 a
1077 2402 1263 2485 faecibus.

204 2552 340 2660 possit
366 2549 564 2648 defundi3
598 2551 695 2632 dein
722 2550 834 2632 dilue
854 2578 989 2657 usque
1016 2551 1071 2632 ad
1090 2533 1276 2661 trigesi·.

206 2729 320 2783 mam
340 2701 689 2783 attenuationem.

263 2850 601 2934 Dosis:-·Glob.
625 2849 668 2958 ij.
687 2850 915 2958 trigesimae
937 2853 1251 2935 attenuationis.

549 3069 915 3135 CANTHARIDES.

241 3206 412 3309 (Meloe
432 3203 723 3290 Vesieaton'us
742 3204 813 3305 L.,
836 3203 924 3286 sive
943 3203 1076 3312 Lytta
1094 3203 1218 3285 Vesi-

548 3354 707 3436 catoria
726 3350 918 3460 Fabric.)
1058 3347 1062 3358 ’

381 3629 383 3634 Α
504 3545 638 3624 Triginta
650 3546 863 3606 attenuationes
884 3527 964 3625 (X).

269 3694 590 3806 Quinquaginta
610 3717 743 3799 grana
760 3693 1069 3777 scarabaeorum
1089 3694 1133 3776 in
1160 3697 1255 3804 pul·

211 3872 353 3929 verem
372 3845 641 3926 redactorum
666 3842 797 3924 misce
824 3870 918 3924 eum
946 3844 1061 3926 mille
1089 3846 1258 3953 spiritus

212 3997 298 4079 vini
316 3996 448 4106 guttis
468 4008 511 4078 et
536 4020 613 4106 per
640 3992 953 4077 hebdomadem
977 3995 1074 4078 loco
1105 3996 1258 4104 frigido

211 4176 393 4232 macera.
