<?xml version="1.0" encoding="UTF-8"?>
<!DOCTYPE html PUBLIC "-//W3C//DTD XHTML 1.0 Transitional//EN"
    "http://www.w3.org/TR/xhtml1/DTD/xhtml1-transitional.dtd">
<html xmlns="http://www.w3.org/1999/xhtml" xml:lang="en" lang="en">
 <head>
  <title>
</title>
<meta http-equiv="Content-Type" content="text/html;charset=utf-8" />
  <meta name='ocr-system' content='tesseract 3.04.00' />
  <meta name='ocr-capabilities' content='ocr_page ocr_carea ocr_par ocr_line ocrx_word'/>
</head>
<body>
  <div class='ocr_page' id='page_1' title='image "./pharmacopoeiaho00quingoog_0046.png"; bbox 0 0 3084 5040; ppageno 0'>
   <div class='ocr_carea' id='block_1_1' title="bbox 569 400 1270 472">
    <p class='ocr_par' dir='ltr' id='par_1_1' title="bbox 569 400 1270 472">
     <span class='ocr_line' id='line_1_1' title="bbox 569 400 1270 472; baseline 0.003 -3"><span class='ocrx_word' id='word_1_1' title='bbox 569 416 928 472; x_wconf 77' lang='lat' dir='ltr'>uouruornruron.</span> <span class='ocrx_word' id='word_1_2' title='bbox 1223 400 1270 471; x_wconf 95' lang='lat' dir='ltr'>ll</span> 
     </span>
    </p>
   </div>
   <div class='ocr_carea' id='block_1_2' title="bbox 222 581 1272 1444">
    <p class='ocr_par' dir='ltr' id='par_1_2' title="bbox 222 581 1272 1444">
     <span class='ocr_line' id='line_1_2' title="bbox 225 581 1270 696; baseline 0.008 -34"><span class='ocrx_word' id='word_1_3' title='bbox 225 581 306 664; x_wconf 91' lang='lat' dir='ltr'>sito</span> <span class='ocrx_word' id='word_1_4' title='bbox 325 582 597 692; x_wconf 86' lang='lat' dir='ltr'>respondeat,</span> <span class='ocrx_word' id='word_1_5' title='bbox 630 584 794 666; x_wconf 90' lang='lat' dir='ltr'>calculo</span> <span class='ocrx_word' id='word_1_6' title='bbox 822 583 1022 693; x_wconf 79' lang='lat' dir='ltr'>deinceps</span> <span class='ocrx_word' id='word_1_7' title='bbox 1050 587 1270 696; x_wconf 86' lang='lat' dir='ltr'>progredi-</span> 
     </span>
     <span class='ocr_line' id='line_1_3' title="bbox 224 737 1268 847; baseline 0.004 -29"><span class='ocrx_word' id='word_1_8' title='bbox 224 748 321 818; x_wconf 88' lang='lat' dir='ltr'>ente</span> <span class='ocrx_word' id='word_1_9' title='bbox 356 766 534 846; x_wconf 87' lang='lat' dir='ltr'>granum</span> <span class='ocrx_word' id='word_1_10' title='bbox 569 737 660 847; x_wconf 88' lang='lat' dir='ltr'>ejus</span> <span class='ocrx_word' id='word_1_11' title='bbox 693 767 825 821; x_wconf 90' lang='lat' dir='ltr'>unum</span> <span class='ocrx_word' id='word_1_12' title='bbox 855 739 1089 847; x_wconf 84' lang='lat' dir='ltr'>nonaginta</span> <span class='ocrx_word' id='word_1_13' title='bbox 1116 769 1268 825; x_wconf 88' lang='lat' dir='ltr'>novem</span> 
     </span>
     <span class='ocr_line' id='line_1_4' title="bbox 223 885 1272 1000; baseline 0.007 -32"><span class='ocrx_word' id='word_1_14' title='bbox 223 887 428 996; x_wconf 88' lang='lat' dir='ltr'>corporis,</span> <span class='ocrx_word' id='word_1_15' title='bbox 447 885 534 996; x_wconf 89' lang='lat' dir='ltr'>quo</span> <span class='ocrx_word' id='word_1_16' title='bbox 554 889 775 999; x_wconf 85' lang='lat' dir='ltr'>excipitur,</span> <span class='ocrx_word' id='word_1_17' title='bbox 794 889 935 998; x_wconf 81' lang='lat' dir='ltr'>granis</span> <span class='ocrx_word' id='word_1_18' title='bbox 956 891 1137 992; x_wconf 85' lang='lat' dir='ltr'>additur,</span> <span class='ocrx_word' id='word_1_19' title='bbox 1156 893 1272 1000; x_wconf 94' lang='lat' dir='ltr'>quod</span> 
     </span>
     <span class='ocr_line' id='line_1_5' title="bbox 224 1039 1271 1150; baseline 0.005 -31"><span class='ocrx_word' id='word_1_20' title='bbox 224 1040 503 1149; x_wconf 89' lang='lat' dir='ltr'>repetendum</span> <span class='ocrx_word' id='word_1_21' title='bbox 519 1051 598 1142; x_wconf 89' lang='lat' dir='ltr'>est,</span> <span class='ocrx_word' id='word_1_22' title='bbox 614 1040 780 1148; x_wconf 90' lang='lat' dir='ltr'>quoties</span> <span class='ocrx_word' id='word_1_23' title='bbox 796 1039 1125 1150; x_wconf 87' lang='lat' dir='ltr'>uniuscujusque</span> <span class='ocrx_word' id='word_1_24' title='bbox 1139 1068 1271 1124; x_wconf 90' lang='lat' dir='ltr'>reme·</span> 
     </span>
     <span class='ocr_line' id='line_1_6' title="bbox 222 1159 1270 1302; baseline 0.005 -31"><span class='ocrx_word' id='word_1_25' title='bbox 222 1189 280 1271; x_wconf 93' lang='lat' dir='ltr'>dii</span> <span class='ocrx_word' id='word_1_26' title='bbox 294 1202 455 1302; x_wconf 81' lang='lat' dir='ltr'>naturae</span> <span class='ocrx_word' id='word_1_27' title='bbox 471 1159 806 1274; x_wconf 88' lang='lat' dir='ltr'>consentaneum</span> <span class='ocrx_word' id='word_1_28' title='bbox 826 1191 916 1273; x_wconf 89' lang='lat' dir='ltr'>erit.</span> <span class='ocrx_word' id='word_1_29' title='bbox 976 1190 1085 1276; x_wconf 87' lang='lat' dir='ltr'>Haec</span> <span class='ocrx_word' id='word_1_30' title='bbox 1103 1192 1211 1275; x_wconf 89' lang='lat' dir='ltr'>ratio</span> <span class='ocrx_word' id='word_1_31' title='bbox 1226 1194 1270 1276; x_wconf 92' lang='lat' dir='ltr'>in</span> 
     </span>
     <span class='ocr_line' id='line_1_7' title="bbox 222 1340 1266 1444; baseline 0.004 -24"><span class='ocrx_word' id='word_1_32' title='bbox 222 1340 361 1423; x_wconf 88' lang='lat' dir='ltr'>fluidis</span> <span class='ocrx_word' id='word_1_33' title='bbox 380 1342 576 1424; x_wconf 83' lang='lat' dir='ltr'>remediis</span> <span class='ocrx_word' id='word_1_34' title='bbox 594 1355 643 1424; x_wconf 94' lang='lat' dir='ltr'>ut</span> <span class='ocrx_word' id='word_1_35' title='bbox 656 1343 822 1425; x_wconf 87' lang='lat' dir='ltr'>facilior</span> <span class='ocrx_word' id='word_1_36' title='bbox 836 1345 928 1444; x_wconf 89' lang='lat' dir='ltr'>fiat,</span> <span class='ocrx_word' id='word_1_37' title='bbox 957 1342 1122 1426; x_wconf 90' lang='lat' dir='ltr'>duabus</span> <span class='ocrx_word' id='word_1_38' title='bbox 1147 1370 1266 1426; x_wconf 89' lang='lat' dir='ltr'>men-</span> 
     </span>
    </p>
   </div>
   <div class='ocr_carea' id='block_1_3' title="bbox 220 1491 1268 1903">
    <p class='ocr_par' dir='ltr' id='par_1_3' title="bbox 220 1491 1268 1903">
     <span class='ocr_line' id='line_1_8' title="bbox 221 1491 1268 1603; baseline 0.007 -32"><span class='ocrx_word' id='word_1_39' title='bbox 221 1491 327 1573; x_wconf 81' lang='lat' dir='ltr'>suris</span> <span class='ocrx_word' id='word_1_40' title='bbox 343 1493 486 1576; x_wconf 88' lang='lat' dir='ltr'>vitreis</span> <span class='ocrx_word' id='word_1_41' title='bbox 505 1522 611 1602; x_wconf 87' lang='lat' dir='ltr'>opus</span> <span class='ocrx_word' id='word_1_42' title='bbox 632 1507 713 1595; x_wconf 84' lang='lat' dir='ltr'>est,</span> <span class='ocrx_word' id='word_1_43' title='bbox 731 1496 775 1576; x_wconf 92' lang='lat' dir='ltr'>in</span> <span class='ocrx_word' id='word_1_44' title='bbox 796 1523 974 1603; x_wconf 90' lang='lat' dir='ltr'>quarum</span> <span class='ocrx_word' id='word_1_45' title='bbox 994 1496 1080 1577; x_wconf 76' lang='lat' dir='ltr'>una</span> <span class='ocrx_word' id='word_1_46' title='bbox 1098 1508 1268 1578; x_wconf 93' lang='lat' dir='ltr'>centum</span> 
     </span>
     <span class='ocr_line' id='line_1_9' title="bbox 222 1642 1268 1756; baseline 0.004 -34"><span class='ocrx_word' id='word_1_47' title='bbox 222 1642 317 1752; x_wconf 87' lang='lat' dir='ltr'>(vel</span> <span class='ocrx_word' id='word_1_48' title='bbox 333 1644 477 1752; x_wconf 92' lang='lat' dir='ltr'>potius</span> <span class='ocrx_word' id='word_1_49' title='bbox 495 1646 728 1753; x_wconf 81' lang='lat' dir='ltr'>nonaginta</span> <span class='ocrx_word' id='word_1_50' title='bbox 747 1645 926 1756; x_wconf 90' lang='lat' dir='ltr'>novem)</span> <span class='ocrx_word' id='word_1_51' title='bbox 947 1657 1164 1754; x_wconf 86' lang='lat' dir='ltr'>guttarum</span> <span class='ocrx_word' id='word_1_52' title='bbox 1187 1646 1268 1754; x_wconf 91' lang='lat' dir='ltr'>spi-</span> 
     </span>
     <span class='ocr_line' id='line_1_10' title="bbox 220 1773 1267 1903; baseline 0.005 -28"><span class='ocrx_word' id='word_1_53' title='bbox 220 1794 325 1877; x_wconf 90' lang='lat' dir='ltr'>ritus</span> <span class='ocrx_word' id='word_1_54' title='bbox 354 1796 456 1898; x_wconf 92' lang='lat' dir='ltr'>vini,</span> <span class='ocrx_word' id='word_1_55' title='bbox 486 1797 530 1879; x_wconf 94' lang='lat' dir='ltr'>in</span> <span class='ocrx_word' id='word_1_56' title='bbox 560 1797 695 1878; x_wconf 73' lang='lat' dir='ltr'>altera</span> <span class='ocrx_word' id='word_1_57' title='bbox 717 1773 829 1880; x_wconf 44' lang='lat' dir='ltr'>&#39;vero</span> <span class='ocrx_word' id='word_1_58' title='bbox 857 1795 1092 1903; x_wconf 84' lang='lat' dir='ltr'>nonaginta</span> <span class='ocrx_word' id='word_1_59' title='bbox 1117 1823 1267 1880; x_wconf 87' lang='lat' dir='ltr'>novem</span> 
     </span>
    </p>
   </div>
   <div class='ocr_carea' id='block_1_4' title="bbox 217 1947 1269 3546">
    <p class='ocr_par' dir='ltr' id='par_1_4' title="bbox 217 1947 1269 3546">
     <span class='ocr_line' id='line_1_11' title="bbox 221 1947 1267 2057; baseline 0.003 -29"><span class='ocrx_word' id='word_1_60' title='bbox 221 1959 437 2056; x_wconf 87' lang='lat' dir='ltr'>guttarum</span> <span class='ocrx_word' id='word_1_61' title='bbox 454 1975 574 2056; x_wconf 82' lang='lat' dir='ltr'>aquae</span> <span class='ocrx_word' id='word_1_62' title='bbox 587 1948 740 2031; x_wconf 88' lang='lat' dir='ltr'>modus</span> <span class='ocrx_word' id='word_1_63' title='bbox 753 1947 868 2030; x_wconf 78' lang='lat' dir='ltr'>linea</span> <span class='ocrx_word' id='word_1_64' title='bbox 880 1958 1053 2030; x_wconf 88' lang='lat' dir='ltr'>notatus</span> <span class='ocrx_word' id='word_1_65' title='bbox 1068 1960 1154 2047; x_wconf 84' lang='lat' dir='ltr'>cst3</span> <span class='ocrx_word' id='word_1_66' title='bbox 1181 1973 1267 2057; x_wconf 92' lang='lat' dir='ltr'>quo</span> 
     </span>
     <span class='ocr_line' id='line_1_12' title="bbox 220 2098 1269 2206; baseline 0.002 -27"><span class='ocrx_word' id='word_1_67' title='bbox 220 2099 336 2180; x_wconf 85' lang='lat' dir='ltr'>facto</span> <span class='ocrx_word' id='word_1_68' title='bbox 356 2098 530 2206; x_wconf 83' lang='lat' dir='ltr'>singulis</span> <span class='ocrx_word' id='word_1_69' title='bbox 549 2098 682 2206; x_wconf 86' lang='lat' dir='ltr'>guttis</span> <span class='ocrx_word' id='word_1_70' title='bbox 706 2099 976 2180; x_wconf 86' lang='lat' dir='ltr'>numerandis</span> <span class='ocrx_word' id='word_1_71' title='bbox 1002 2099 1269 2206; x_wconf 88' lang='lat' dir='ltr'>supersederi</span> 
     </span>
     <span class='ocr_line' id='line_1_13' title="bbox 219 2249 1267 2360; baseline 0.001 -28"><span class='ocrx_word' id='word_1_72' title='bbox 219 2250 394 2359; x_wconf 89' lang='lat' dir='ltr'>poterit,</span> <span class='ocrx_word' id='word_1_73' title='bbox 423 2249 627 2360; x_wconf 91' lang='lat' dir='ltr'>imprimis</span> <span class='ocrx_word' id='word_1_74' title='bbox 657 2278 753 2332; x_wconf 90' lang='lat' dir='ltr'>cum</span> <span class='ocrx_word' id='word_1_75' title='bbox 787 2277 909 2357; x_wconf 84' lang='lat' dir='ltr'>aquae</span> <span class='ocrx_word' id='word_1_76' title='bbox 940 2261 1072 2358; x_wconf 88' lang='lat' dir='ltr'>guttae</span> <span class='ocrx_word' id='word_1_77' title='bbox 1101 2276 1126 2332; x_wconf 90' lang='lat' dir='ltr'>e</span> <span class='ocrx_word' id='word_1_78' title='bbox 1158 2251 1267 2334; x_wconf 87' lang='lat' dir='ltr'>vasis</span> 
     </span>
     <span class='ocr_line' id='line_1_14' title="bbox 219 2400 1266 2512; baseline 0 -28"><span class='ocrx_word' id='word_1_79' title='bbox 219 2429 370 2512; x_wconf 89' lang='lat' dir='ltr'>aspero</span> <span class='ocrx_word' id='word_1_80' title='bbox 387 2401 546 2483; x_wconf 88' lang='lat' dir='ltr'>orificio</span> <span class='ocrx_word' id='word_1_81' title='bbox 562 2400 677 2485; x_wconf 89' lang='lat' dir='ltr'>haud</span> <span class='ocrx_word' id='word_1_82' title='bbox 691 2401 879 2511; x_wconf 87' lang='lat' dir='ltr'>praeditis</span> <span class='ocrx_word' id='word_1_83' title='bbox 893 2401 1140 2484; x_wconf 89' lang='lat' dir='ltr'>delabentes</span> <span class='ocrx_word' id='word_1_84' title='bbox 1156 2429 1266 2510; x_wconf 85' lang='lat' dir='ltr'>aegre</span> 
     </span>
     <span class='ocr_line' id='line_1_15' title="bbox 218 2553 1263 2661; baseline 0.003 -27"><span class='ocrx_word' id='word_1_85' title='bbox 218 2553 428 2634; x_wconf 89' lang='lat' dir='ltr'>numerari</span> <span class='ocrx_word' id='word_1_86' title='bbox 446 2553 624 2661; x_wconf 91' lang='lat' dir='ltr'>possint.</span> <span class='ocrx_word' id='word_1_87' title='bbox 661 2553 845 2651; x_wconf 87' lang='lat' dir='ltr'>Quando</span> <span class='ocrx_word' id='word_1_88' title='bbox 865 2555 1076 2638; x_wconf 89' lang='lat' dir='ltr'>medicina</span> <span class='ocrx_word' id='word_1_89' title='bbox 1095 2566 1263 2638; x_wconf 90' lang='lat' dir='ltr'>attenu-</span> 
     </span>
     <span class='ocr_line' id='line_1_16' title="bbox 217 2705 1263 2815; baseline -0.001 -27"><span class='ocrx_word' id='word_1_90' title='bbox 217 2705 333 2811; x_wconf 84' lang='lat' dir='ltr'>anda¹</span> <span class='ocrx_word' id='word_1_91' title='bbox 348 2715 428 2803; x_wconf 90' lang='lat' dir='ltr'>est,</span> <span class='ocrx_word' id='word_1_92' title='bbox 447 2714 513 2786; x_wconf 93' lang='lat' dir='ltr'>tot</span> <span class='ocrx_word' id='word_1_93' title='bbox 532 2732 755 2806; x_wconf 85' lang='lat' dir='ltr'>mensurae,</span> <span class='ocrx_word' id='word_1_94' title='bbox 778 2718 882 2814; x_wconf 91' lang='lat' dir='ltr'>quot</span> <span class='ocrx_word' id='word_1_95' title='bbox 916 2718 1014 2789; x_wconf 89' lang='lat' dir='ltr'>sunt</span> <span class='ocrx_word' id='word_1_96' title='bbox 1041 2734 1163 2815; x_wconf 94' lang='lat' dir='ltr'>opus,</span> <span class='ocrx_word' id='word_1_97' title='bbox 1189 2705 1263 2788; x_wconf 87' lang='lat' dir='ltr'>ad-</span> 
     </span>
     <span class='ocr_line' id='line_1_17' title="bbox 218 2855 1263 2958; baseline 0.001 -20"><span class='ocrx_word' id='word_1_98' title='bbox 218 2855 318 2940; x_wconf 90' lang='lat' dir='ltr'>ditis</span> <span class='ocrx_word' id='word_1_99' title='bbox 350 2867 478 2939; x_wconf 87' lang='lat' dir='ltr'>antea</span> <span class='ocrx_word' id='word_1_100' title='bbox 506 2869 549 2938; x_wconf 91' lang='lat' dir='ltr'>et</span> <span class='ocrx_word' id='word_1_101' title='bbox 581 2857 752 2941; x_wconf 90' lang='lat' dir='ltr'>nomine</span> <span class='ocrx_word' id='word_1_102' title='bbox 783 2857 961 2939; x_wconf 90' lang='lat' dir='ltr'>remedii</span> <span class='ocrx_word' id='word_1_103' title='bbox 994 2868 1037 2938; x_wconf 91' lang='lat' dir='ltr'>et</span> <span class='ocrx_word' id='word_1_104' title='bbox 1072 2882 1263 2958; x_wconf 89' lang='lat' dir='ltr'>numero,</span> 
     </span>
     <span class='ocr_line' id='line_1_18' title="bbox 221 3005 1265 3118; baseline -0.004 -25"><span class='ocrx_word' id='word_1_105' title='bbox 221 3009 423 3117; x_wconf 86' lang='lat' dir='ltr'>deinceps</span> <span class='ocrx_word' id='word_1_106' title='bbox 459 3008 670 3105; x_wconf 88' lang='lat' dir='ltr'>locantur,</span> <span class='ocrx_word' id='word_1_107' title='bbox 709 3020 835 3118; x_wconf 88' lang='lat' dir='ltr'>atque</span> <span class='ocrx_word' id='word_1_108' title='bbox 869 3006 1057 3088; x_wconf 89' lang='lat' dir='ltr'>indicato</span> <span class='ocrx_word' id='word_1_109' title='bbox 1094 3005 1265 3114; x_wconf 86' lang='lat' dir='ltr'>spiritus</span> 
     </span>
     <span class='ocr_line' id='line_1_19' title="bbox 218 3155 1267 3266; baseline -0.004 -24"><span class='ocrx_word' id='word_1_110' title='bbox 218 3161 304 3244; x_wconf 93' lang='lat' dir='ltr'>vini</span> <span class='ocrx_word' id='word_1_111' title='bbox 324 3159 455 3241; x_wconf 94' lang='lat' dir='ltr'>modo</span> <span class='ocrx_word' id='word_1_112' title='bbox 473 3159 700 3266; x_wconf 84' lang='lat' dir='ltr'>replentur,</span> <span class='ocrx_word' id='word_1_113' title='bbox 714 3170 762 3239; x_wconf 93' lang='lat' dir='ltr'>ut</span> <span class='ocrx_word' id='word_1_114' title='bbox 778 3156 932 3238; x_wconf 89' lang='lat' dir='ltr'>deinde</span> <span class='ocrx_word' id='word_1_115' title='bbox 952 3185 979 3237; x_wconf 85' lang='lat' dir='ltr'>a</span> <span class='ocrx_word' id='word_1_116' title='bbox 996 3155 1132 3264; x_wconf 72' lang='lat' dir='ltr'>primis</span> <span class='ocrx_word' id='word_1_117' title='bbox 1146 3183 1267 3238; x_wconf 93' lang='lat' dir='ltr'>men·</span> 
     </span>
     <span class='ocr_line' id='line_1_20' title="bbox 222 3277 1264 3414; baseline -0.007 -20"><span class='ocrx_word' id='word_1_118' title='bbox 222 3313 320 3394; x_wconf 75' lang='lat' dir='ltr'>surd</span> <span class='ocrx_word' id='word_1_119' title='bbox 332 3277 387 3393; x_wconf 75' lang='lat' dir='ltr'>ad</span> <span class='ocrx_word' id='word_1_120' title='bbox 406 3310 599 3392; x_wconf 88' lang='lat' dir='ltr'>ultimam</span> <span class='ocrx_word' id='word_1_121' title='bbox 614 3307 876 3390; x_wconf 87' lang='lat' dir='ltr'>attenuanda</span> <span class='ocrx_word' id='word_1_122' title='bbox 889 3305 1110 3390; x_wconf 88' lang='lat' dir='ltr'>medicinae</span> <span class='ocrx_word' id='word_1_123' title='bbox 1130 3333 1264 3414; x_wconf 88' lang='lat' dir='ltr'>quan-</span> 
     </span>
     <span class='ocr_line' id='line_1_21' title="bbox 218 3442 1265 3546; baseline -0.004 0"><span class='ocrx_word' id='word_1_124' title='bbox 218 3465 319 3546; x_wconf 89' lang='lat' dir='ltr'>titas</span> <span class='ocrx_word' id='word_1_125' title='bbox 349 3488 402 3545; x_wconf 88' lang='lat' dir='ltr'>ex</span> <span class='ocrx_word' id='word_1_126' title='bbox 429 3461 517 3544; x_wconf 78' lang='lat' dir='ltr'>und</span> <span class='ocrx_word' id='word_1_127' title='bbox 544 3461 589 3542; x_wconf 93' lang='lat' dir='ltr'>in</span> <span class='ocrx_word' id='word_1_128' title='bbox 615 3461 790 3543; x_wconf 89' lang='lat' dir='ltr'>alteram</span> <span class='ocrx_word' id='word_1_129' title='bbox 821 3442 1043 3542; x_wconf 89' lang='lat' dir='ltr'>commode</span> <span class='ocrx_word' id='word_1_130' title='bbox 1072 3458 1265 3542; x_wconf 88' lang='lat' dir='ltr'>instillari</span> 
     </span>
    </p>
   </div>
   <div class='ocr_carea' id='block_1_5' title="bbox 218 3615 367 3726">
    <p class='ocr_par' dir='ltr' id='par_1_5' title="bbox 218 3615 367 3726">
     <span class='ocr_line' id='line_1_22' title="bbox 218 3615 367 3726; baseline -0.013 -28"><span class='ocrx_word' id='word_1_131' title='bbox 218 3615 367 3726; x_wconf 89' lang='lat' dir='ltr'>possit.</span> 
     </span>
    </p>
   </div>
   <div class='ocr_carea' id='block_1_6' title="bbox 0 0 1546 5040">
    <p class='ocr_par' dir='ltr' id='par_1_6' title="bbox 0 0 1546 5040">
     <span class='ocr_line' id='line_1_23' title="bbox 0 0 1546 5040; baseline 0 3"><span class='ocrx_word' id='word_1_132' title='bbox 0 0 1546 5040; x_wconf 95' lang='lat' dir='ltr'> </span> 
     </span>
    </p>
   </div>
  </div>
 </body>
</html>
