3058 5040
526 399 887 454 nonozornrurcn.
1147 371 1227 449 135

173 591 267 648 rum
303 567 524 676 Sulphuris
556 551 888 677 purissimorum,
924 577 968 647 et
998 575 1227 673 postquam

171 740 252 823 per
282 727 447 799 sextam
481 719 595 804 horae
629 729 794 828 partem
825 715 927 798 satis
958 711 1148 811 canduit,
1182 711 1225 792 in

171 866 339 974 lagenis
357 867 468 951 bene
488 868 693 953 obturatis
714 893 928 952 conserva.
974 865 1118 947 Unum
1134 860 1226 970 ejus

170 1043 356 1122 granum
375 1044 473 1100 oum
491 1018 887 1126 nonagintanovem
906 1013 1103 1098 Sacohari
1119 1013 1227 1094 Lac-

172 1166 229 1249 tis
250 1169 395 1275 grauis
413 1195 491 1278 per
508 1169 656 1250 horam
674 1167 882 1275 integram
896 1177 1083 1248 contere.
1128 1161 1226 1243 Hoc

172 1317 359 1425 primam
378 1319 596 1402 constituit
619 1318 980 1414 attenuationem3
1006 1315 1111 1432 duas
1132 1341 1226 1422 quae

172 1466 289 1550 hano
310 1479 544 1577 sequuntur
573 1468 724 1551 eodem
757 1467 887 1549 modo
919 1494 1023 1576 para
1054 1477 1098 1547 et
1130 1491 1228 1548 oum

171 1614 336 1726 Spiritu
354 1617 456 1699 Vini
483 1644 617 1726 usque
649 1617 704 1698 ad
737 1615 997 1724 trigesimam
1031 1626 1224 1698 attenua·

173 1767 342 1851 tionem
370 1766 533 1850 ratione
564 1767 846 1849 remediorum
877 1765 1228 1876 antipsorioorum

176 1915 308 2002 dilue.

232 2069 368 2151 Dosis
388 2067 581 2151 2—Glob.
603 2066 648 2177 ij.
678 2070 749 2151 vel
775 2065 833 2176 iij
865 2067 1091 2176 trigesimae
1120 2080 1229 2151 atte-

174 2217 407 2300 nuationis.

233 2366 418 2450 Duratio
436 2367 625 2450 :-Ultra
645 2364 951 2477 quinquaginta
970 2369 1073 2453 dies.

233 2515 718 2616 Antid.-Belladonna,
740 2517 878 2601 Aoida
896 2520 1151 2602 Plantarum.

580 2735 832 2802 TABACUM.

414 2875 480 2985 (N
482 2876 665 2960 iootiana
683 2876 901 2960 Tabaoum
919 2877 999 2987 L.)

508 3047 568 3107 Sex
582 3049 795 3107 attenuationes
811 3029 898 3128 (ΙΙ).

237 3180 366 3262 Initio
384 3181 542 3264 mensis
562 3179 665 3262 Julii
684 3180 923 3289 colligenda
942 3193 1020 3264 est.

239 3333 461 3415 Sucourne
477 3330 589 3413 foliis
603 3327 729 3437 hujus
744 3331 901 3448 plantae
920 3358 1069 3415 annuae
1082 3360 1228 3418 recens

179 3509 427 3592 expressum
449 3478 656 3588 compari
677 3479 857 3586 Spiritus
877 3481 979 3563 Vini
991 3485 1228 3592 quantitate

180 3634 437 3718 commisce:
471 3631 569 3714 dein
589 3643 687 3740 post
708 3630 869 3739 aliquot
901 3631 990 3714 dies
1021 3633 1229 3741 liquorem

180 3784 400 3894 limpidum
419 3783 616 3866 defunde.

235 3941 359 4020 Duas
399 3947 542 4045 guttas
576 3933 700 4042 hujus
734 3961 831 4016 oum
863 3933 1095 4041 nonaginta
1128 3948 1228 4018 octo

183 4088 364 4199 Spiritus
376 4085 479 4168 Vini
499 4083 645 4165 misce.
691 4047 790 4170 Hoc
808 4081 988 4212 primam
1008 4083 1229 4170 constituit

182 4237 533 4324 attenuationem.
594 4231 766 4316 Deinde
787 4232 842 4314 ad
864 4245 1028 4318 sextam
1048 4235 1226 4346 explica.
