3084 5040
306 393 356 466 18
654 405 1002 460 runnuncorozm

304 580 466 662 solvere
484 588 612 683 atque
623 575 685 656 ita
696 575 826 657 fluida
836 573 1014 656 reddere
1026 572 1174 654 licet*
1204 570 1351 652 Grano

302 730 376 810 uni
387 727 589 837 pulveris,
603 726 723 834 cujus
738 726 977 810 visratione
990 724 1177 806 indicati
1192 721 1247 803 ad
1260 731 1347 802 ter-

303 879 406 960 tiam
419 877 755 962 attenuationem
770 876 834 986 (I)
850 875 1061 984 explicata
1080 884 1161 973 est,
1180 883 1351 954 eentum

304 1041 448 1137 guttas
461 1029 631 1137 spiritus
640 1027 1031 1135 vini,itacumaquo
1043 1023 1176 1121 mixti,
1188 1021 1348 1131 adjiee;

303 1180 502 1288 lagenulai
530 1180 690 1277 clausit,
725 1178 810 1287 quia
838 1177 930 1258 haec
963 1175 1148 1259 mixtura
1178 1183 1353 1282 recepta

305 1342 383 1425 est,
404 1328 663 1437 aliquamdiu
675 1328 788 1410 circa
806 1325 904 1408 axin
916 1353 1036 1408 suam
1049 1351 1189 1423 move,
1213 1323 1351 1406 donec

303 1480 441 1588 pulvis
461 1479 624 1561 solutus
644 1489 737 1576 θεῖς
771 1455 924 1561 deinde
944 1477 1026 1577 bis,
1057 1475 1233 1559 brachio
1255 1473 1350 1582 qui·

197 1607 201 1614 ⁴
305 1633 402 1715 dem
430 1632 498 1715 bis
526 1641 659 1730 moto,
693 1641 874 1714 concute
882 1664 893 1728 ;
929 1659 1014 1738 quo
1045 1632 1178 1728 fact0,
1199 1639 1355 1737 praeter

304 1809 460 1864 nomen
483 1780 781 1862 medicamenti
810 1778 975 1887 signum
992 1766 1013 1883 ἰ
1033 1780 1072 1861 ei
1096 1779 1350 1862 inscribitur.

305 1929 449 2038 Hujus
484 1929 706 2011 solutionis
749 1941 913 2038 guttam
960 1956 1087 2010 unam
1121 1931 1355 2038 nonaginta

304 2106 458 2163 novem
482 2078 613 2187 guttis
644 2079 815 2186 spiritus
843 2081 929 2162 vini
957 2081 1053 2189 puri
1073 2081 1275 2180 adsume,
1308 2093 1352 2165 et

304 2230 504 2338 lagenulat
523 2230 679 2326 clausa,
694 2228 868 2312 brachio
883 2228 949 2312 bis
962 2230 1137 2340 agitato,
1153 2243 1350 2314 concute.

307 2379 407 2461 Hoc
433 2379 554 2485 signo
570 2365 596 2482 ἶ
610 2390 792 2460 notatur.
849 2379 920 2461 De
948 2379 1028 2462 hac
1052 2382 1263 2464 solutione
1282 2382 1352 2464 iti·

307 2530 405 2611 dem
425 2539 592 2635 guttam
611 2555 754 2623 unam,
777 2529 900 2610 simul
912 2557 1008 2611 cum
1027 2533 1260 2638 nonaginta
1273 2562 1352 2617 no·

305 2705 401 2761 vem
413 2677 581 2787 spiritus
596 2677 681 2761 vini
692 2678 823 2760 misce
839 2713 849 2776 3
870 2680 1180 2786 lagenulavero
1194 2686 1353 2786 clausi,

307 2843 436 2935 atque
457 2829 640 2937 repetito
657 2831 818 2913 brachii
840 2844 975 2929 motu,
999 2847 1192 2917 concute.
1254 2838 1355 2922 Hoc

307 2981 428 3088 signo
443 2981 517 3084 (II)
539 2980 791 3063 inscribitur.
988 2965 996 2976 ’

363 3133 537 3217 Eaedem
557 3132 729 3239 regulae,
760 3159 896 3239 usque
924 3136 979 3215 ad
1006 3138 1266 3246 trigesimam
1286 3154 1352 3224 at·

308 3285 615 3380 tenuationem‚
634 3282 849 3364 observari
861 3284 1031 3368 debent.
1065 3288 1277 3385 Quoniam
1291 3293 1354 3376 la·

276 3411 474 3544 ⁸genulae
503 3435 704 3516 mediocri
731 3446 897 3517 tantum
926 3436 1087 3522 brachii
1112 3454 1233 3524 motu
1250 3473 1354 3528 con·

349 3615 368 3651 ⁶
389 3615 487 3674 Prima
500 3613 607 3673 solutio
621 3614 725 3691 spiritu
740 3615 799 3673 vini
819 3634 892 3692 puro
906 3617 1010 3676 adfuso
1031 3621 1127 3697 parari
1146 3625 1258 3700 nequit,
1282 3646 1357 3703 quo·

311 3721 389 3779 niam
400 3719 569 3778 saccharum
582 3718 665 3777 lactis
680 3718 735 3776 hoo
748 3718 861 3795 liquore
870 3740 928 3778 non
939 3720 1081 3782 solvitur:
1097 3726 1155 3801 qua
1163 3726 1200 3785 de
1209 3748 1241 3786 re
1252 3729 1358 3808 spiritu

312 3823 371 3881 vini
386 3821 461 3899 aquis
475 3820 634 3879 commixto
649 3820 826 3890 instituitur3
850 3821 874 3879 is
889 3843 958 3881 vero
969 3823 1009 3882 ita
1019 3826 1165 3903 parandus
1176 3843 1230 3899 est,
1247 3843 1279 3888 ut
1290 3853 1358 3892 cen-

311 3938 374 3983 turn
388 3935 480 4002 guttae
494 3922 614 4000 spiritus
633 3921 693 3980 vini
714 3921 793 3979 omni
814 3923 890 4001 aqut
911 3925 1017 4002 privati
1038 3948 1112 3985 cum.
1128 3930 1248 3990 totidem
1271 3953 1358 4011 aquae

308 4027 465 4088 destillatae
479 4025 570 4102 guttis
584 4023 704 4084 brachio
717 4022 814 4083 decies
834 4025 943 4104 agitato
964 4029 1187 4102 confundantur,
1209 4036 1268 4113 qui
1280 4025 1317 4096 in'
1326 4058 1358 4097 re

310 4144 343 4190 ut
356 4142 385 4189 et
399 4129 518 4207 spiritus
533 4126 592 4185 vini
605 4138 635 4185 et
649 4145 724 4203 aqua
737 4124 801 4203 ejus
816 4127 854 4186 sit
867 4127 980 4197 caloris,
993 4131 1087 4206 qualis
1101 4132 1130 4190 in
1144 4136 1241 4194 caven
1251 4137 1357 4217 depre-

309 4231 457 4300 henditur,
471 4247 590 4288 necesse
603 4239 658 4288 est.
