3058 5040
551 379 910 436 uoumorururcn.
1179 361 1258 447 139

608 611 710 678 UVA
734 611 857 678 Ults1.

479 780 685 888 (Arbutus
703 777 800 862 Uva
818 777 917 861 Ursi
935 777 1006 888 L.)

267 972 394 1056 Hanc
428 974 617 1083 plantam
635 973 706 1058 vel
724 983 940 1057 recentem
958 971 1089 1056 modo
1107 969 1257 1080 Thujae

210 1149 328 1231 para,
361 1124 431 1208 vel
468 1125 571 1209 folia
605 1122 695 1233 ejus
733 1124 895 1208 siccata
940 1134 983 1206 et
1020 1122 1066 1206 in
1108 1121 1256 1231 pulve-

210 1298 300 1356 rem
333 1274 507 1361 redacta
539 1272 687 1382 viginti
719 1273 899 1384 Spiritus
937 1271 1039 1356 Vini
1067 1270 1258 1381 partibus

211 1420 397 1506 infunde.
1090 1443 1092 1450 ’

393 1649 684 1720 VALERIANA
707 1648 1009 1718 OFFICINALIS
1034 1649 1075 1714 L.

479 1805 644 1868 Duodecim
657 1801 871 1866 attenuatioues
891 1784 990 1881 (IV).

267 1950 473 2036 Radicem
492 1949 618 2060 hujus
646 1948 803 2060 plantae
828 1945 983 2031 adhibe
1009 1958 1052 2030 et
1076 1947 1259 2032 eundem

210 2102 401 2204 modum,
425 2129 510 2212 quo
531 2103 585 2186 de
604 2099 851 2210 emporibus
873 2099 916 2181 in
943 2099 1161 2210 pulverem
1188 2127 1256 2185 re·

211 2252 347 2336 ductis
366 2253 527 2336 dictum
548 2263 629 2352 est,
653 2276 856 2361 sequere:
891 2249 1045 2334 deinde
1072 2249 1128 2333 ad
1146 2261 1255 2333 atte-

211 2403 458 2488 nuationem
477 2403 773 2488 duodecimam
797 2399 974 2512 explica.

267 2554 399 2638 Dosis
411 2551 605 2637 2—Glob.
622 2551 665 2664 ij.
681 2549 943 2634 duodecimae
956 2549 1258 2635 attenuationis

211 2705 255 2787 in
273 2702 432 2788 morbis
453 2702 602 2802 acutis,
624 2714 756 2786 sextae
774 2727 875 2785 vero
894 2699 1076 2813 aegrotis.

268 2853 451 2938 Duratio
468 2852 677 2937 :-Doses
702 2853 938 2936 mediocres
968 2876 1046 2962 per
1078 2862 1260 2959 quatuor

211 3006 281 3091 vel
300 3004 486 3115 quinque
506 3002 597 3088 dies
615 3003 910 3090 efficacitatem
926 3028 1045 3085 suam
1060 3001 1254 3084 retinent.

269 3153 625 3238 Antid--Coffea
643 3166 686 3239 et
706 3154 959 3266 Camphora.

465 3412 746 3481 VERATRUM
770 3411 946 3479 ALBUM
968 3412 1008 3480 L.

477 3574 641 3634 Duodecim
656 3573 876 3663 attenuationes¹
892 3555 993 3652 (IV).

267 3718 512 3802 Tincturam
539 3744 563 3800 e
592 3716 733 3799 radice
764 3717 808 3798 in
836 3718 1053 3828 pulverem
1086 3720 1259 3803 redacta
1318 3703 1320 3708 ’

215 3868 396 3980 Spiritus
425 3866 527 3951 Vini
567 3893 649 3975 ope
685 3878 892 3976 paratam,
924 3868 978 3950 ad
1011 3869 1258 3952 dilutionem

214 4019 508 4103 duodecimam
527 4043 663 4128 usque
684 4027 870 4101 attenua.

270 4166 565 4253 Dos.-·Glob.
587 4166 631 4276 ij.
653 4167 915 4252 duodecimae
939 4167 1254 4253 attenuationis.
