3084 5040
298 358 348 441 16
640 381 992 445 errannrnc‘orutm

293 556 514 639 ductorum
542 586 717 666 granum
738 587 868 642 unum
895 586 991 640 cum
1011 555 1244 665 nonaginta
1263 582 1341 636 no-

292 733 389 790 vem
418 708 559 814 granis
591 708 780 790 sacchari
811 709 932 793 lactis
962 709 1226 792 miscendum
1257 721 1339 807 est,

293 859 337 941 in
355 858 483 941 modo
506 861 722 967 sequenti:
763 861 920 946 Divide
942 861 1190 944 saccharum
1219 861 1342 944 lactis

292 1011 336 1093 in
368 1023 455 1094 tres
485 1024 644 1121 partes,
679 1041 858 1122 quarum
890 1040 1157 1121 unaquaeque
1191 1012 1338 1121 trigin-

291 1178 338 1248 ta
367 1166 448 1248 tria
479 1191 611 1272 grana
641 1165 843 1247 continet.
920 1165 992 1246 Ad
1028 1166 1207 1274 primam
1241 1179 1338 1274 par·

290 1330 380 1398 tem
412 1315 548 1424 adjice
583 1342 714 1397 unum
733 1315 1039 1398 medicamenti
1066 1343 1261 1424 granum,
1297 1326 1341 1397 et

293 1469 449 1550 cornert
483 1477 555 1547 aut
590 1469 714 1549 osset
744 1466 943 1575 spathula
978 1468 1022 1548 in
1059 1469 1209 1577 pateris
1237 1494 1338 1577 por·

292 1621 483 1703 cellanet
531 1618 641 1702 vitro
693 1645 781 1702 non
835 1618 1023 1702 obducto
1075 1619 1338 1702 commisce:

262 1749 268 1760 ⁸
294 1773 446 1858 deinde
474 1785 565 1856 tere
593 1773 752 1883 optime
781 1800 860 1881 per
878 1789 928 1873 ᾗ
953 1774 1068 1860 horae
1092 1776 1289 1885 (anglice,
1313 1772 1342 1856 o

292 1928 497 2029 minutec),
520 1937 563 2008 et
583 1927 802 2036 pulverem
822 1955 847 2008 a
866 1924 1025 2036 pistillo
1045 1940 1089 2012 et
1109 1957 1135 2012 a
1155 1927 1342 2011 mortarii

291 2081 426 2163 latere
447 2092 490 2164 et
510 2082 642 2163 fundo
663 2079 819 2161 abrade
831 2107 909 2189 per
922 2093 974 2178 ᾗ
988 2084 1188 2193 (anglice,
1213 2079 1242 2160 4
1260 2082 1338 2162 mi·

292 2238 420 2336 nutes)
441 2271 449 2318 :
483 2245 576 2315 tum
590 2243 681 2314 tere
711 2231 861 2313 iterum
882 2232 1042 2341 optime
1060 2257 1138 2341 per
1155 2245 1206 2330 ᾗ
1224 2231 1341 2314 horae

292 2395 335 2466 et
367 2384 584 2493 pulverem
627 2381 785 2464 abrade
825 2410 904 2491 per·
934 2396 985 2480 5¹5-
1017 2383 1145 2464 horae.
1223 2371 1340 2466 Huic

293 2533 428 2642 adjice
470 2534 699 2615 secundam
757 2545 922 2642 partem
965 2533 1155 2617 sacchari
1194 2534 1336 2636 lactis,

291 2697 335 2768 et
380 2712 556 2795 sequere
598 2687 777 2768 eandem
821 2687 1011 2795 regulam
1050 2686 1218 2769 terendi
1261 2713 1340 2795 per

290 2852 341 2936 ᾗ
362 2838 478 2922 horae
499 2813 542 2920 et
563 2836 794 2921 abradendi
824 2863 902 2946 per
929 2851 999 2936 5¹5:
1043 2837 1213 2938 iterum,
1248 2837 1338 2920 sine

291 2989 582 3072 additamento
639 2986 817 3085 terendi,
876 3016 954 3097 per
1006 3003 1056 3087 ᾗ
1113 3000 1156 3070 et
1213 2988 1335 3071 abra·

291 3142 420 3224 dendi
436 3168 514 3251 per
531 3155 583 3240 ᾗ
601 3141 731 3226 horae.
793 3139 906 3222 Dein
936 3137 1071 3248 adjice
1100 3139 1270 3223 tertiam
1296 3151 1339 3222 et

290 3294 483 3377 ultimam
506 3305 672 3402 partem
705 3291 896 3374 sacchari
926 3291 1065 3391 lactis,
1088 3304 1138 3374 et
1161 3319 1337 3400 sequere

292 3444 473 3528 eandem
505 3445 695 3552 regulam
728 3442 894 3527 terendi
924 3454 967 3526 et
1000 3440 1236 3526 abradendi
1263 3468 1341 3550 per

292 3597 476 3679 cundem
507 3623 729 3678 numerum
763 3607 807 3678 et
843 3594 1027 3705 spatium
1054 3599 1338 3703 temporum*

291 3748 476 3830 Centum
506 3775 637 3856 grana
665 3747 846 3856 pulveris
876 3747 938 3830 sic
965 3759 1116 3856 parata
1146 3746 1191 3828 in
1219 3745 1336 3854 lage·

330 4031 349 4067 ⁸
369 4033 472 4111 ltaque
493 4033 606 4112 quaevis
625 4033 786 4092 attenuatio
799 4053 852 4112 per
866 4033 963 4094 sexies
976 4033 1117 4094 decimam
1128 3979 1210 4094 hoie
1226 4045 1340 4114 partem

292 4135 421 4206 terendo,
436 4148 524 4215 atque
537 4135 634 4195 sexies
647 4136 791 4196 decimam
806 4136 1024 4216 quintamhorsc
1034 4148 1148 4216 partem
1161 4135 1339 4207 abradendo,

291 4253 421 4318 paratur,
435 4260 494 4318 quo
508 4239 626 4318 quidem
640 4239 740 4301 labore
754 4239 866 4319 integra
879 4240 951 4300 hors
964 4239 1154 4300 consumitur.
