3058 5040
282 365 362 450 106
630 397 981 454 rrmauaoorotm

332 562 516 644 Duratio
532 565 770 673 z-Magnae
801 566 927 648 doses
958 593 1036 677 per
1071 565 1327 673 quindecim,

276 714 460 796 minores
479 740 580 796 vero
600 715 654 796 ad
674 729 773 798 octo
791 715 862 800 vel
881 714 1108 799 duodecim
1128 716 1218 799 dies
1238 719 1329 798 effi-

277 865 501 947 cacitatem
521 892 641 948 suam
660 866 858 949 retinent.

330 1013 704 1116 Antid.--Vinum,
730 1015 910 1125 Spiritus
930 1015 1046 1118 Vini,
1066 1018 1324 1126 camphora,

276 1165 439 1264 Ooffea,
450 1165 677 1266 Coeoulus,
687 1166 1147 1276 AeonitumNapellus,
1164 1181 1208 1251 et
1220 1167 1329 1249 Cha-

275 1318 475 1400 momilla.

509 1537 773 1604 OENANTHE
798 1536 1029 1603 CROCATA
1052 1538 1093 1603 L.

333 1686 433 1773 Hoc
453 1718 606 1801 corpus
626 1691 777 1773 eodem
795 1691 940 1790 mode,
955 1717 1041 1798 quo
1055 1690 1325 1799 antipsorica,

277 1853 426 1925 tracta.

280 2111 304 2146 v
427 2071 605 2138 OLEUM
619 2072 848 2138 ANIMALE
868 2072 1175 2139 AETHEREUM.

569 2233 704 2314 Triginta
717 2236 930 2295 attenuationes
945 2219 1030 2314 (X).

302 2376 1328 2490 PurgareotifioandoOleumEmpyreumaticum;

276 2530 395 2640 quod
404 2539 591 2637 paratur,
609 2528 710 2609 dum
726 2528 910 2611 destillet
926 2531 1153 2612 Ammonia
1168 2555 1223 2611 ex
1234 2555 1326 2610 eor-

274 2680 449 2791 poribus
465 2677 714 2761 animalibus
731 2712 743 2778 3
775 2678 997 2788 limpidum
1011 2694 1054 2763 et
1072 2709 1125 2763 ex
1141 2686 1238 2792 a'ere
1258 2707 1328 2764 se-

277 2833 442 2914 clusum
474 2827 603 2911 debet
630 2855 737 2910 esse.
810 2828 856 2911 Si
888 2856 976 2912 non
1010 2830 1326 2914 immisceantur

276 2982 387 3064 Olea
397 2977 683 3086 Vegetabilia,
692 2988 816 3086 gutta
827 3007 954 3088 super
966 2981 1156 3064 chartam
1168 2982 1326 3066 cadens

273 3134 318 3216 in
349 3130 545 3216 oubieulo
593 3128 731 3211 calido
772 3143 1044 3212 consumetur
1082 3133 1173 3216 sine
1205 3133 1323 3214 nota.

274 3285 337 3371 Ut
357 3286 467 3368 Olea
480 3279 966 3404 VolatiliaVegetabilia
983 3283 1081 3392 (viz.
1104 3284 1173 3366 Ol.
1195 3284 1327 3366 Tere-

273 3434 496 3539 binthinae)
531 3442 821 3534 amoveantur,
858 3432 988 3516 misce
1022 3462 1120 3516 oum
1154 3435 1324 3544 duplice

277 3585 458 3695 Spiritus
477 3582 580 3666 Vini
599 3583 836 3691 quantitate
860 3596 904 3668 et
931 3598 1112 3668 concute
1132 3585 1292 3696 optime
1308 3619 1320 3684 3

275 3738 371 3820 cola
388 3763 465 3846 per
485 3734 674 3816 chartam
701 3730 910 3833 bibulam,
942 3763 1038 3843 quae
1068 3736 1251 3845 primum
1279 3735 1324 3817 in

277 3887 438 3997 Spiritu
466 3881 568 3966 Vini
596 3893 662 3965 est
692 3880 891 3966 immissa.
952 3882 1108 3967 Oleum
1126 3883 1323 3966 Animale

273 4063 427 4148 purum
445 4042 605 4133 manet,
629 4043 672 4114 et
689 4030 870 4140 Spiritus
889 4031 990 4116 Vini
1007 4035 1207 4142 guttatim
1225 4062 1325 4146 per-

273 4200 416 4274 manat
437 4184 560 4271 simul
580 4210 676 4264 oum
689 4181 1152 4293 OleisVegetabilibus.
