3084 5040
303 388 355 462 10
646 409 998 464 rimurmoorurm

300 575 505 658 videatur.
556 575 678 660 Idem
703 577 931 660 dicendum
957 577 1025 658 'est
1054 574 1106 656 de
1136 568 1344 655 mortariis

298 726 458 826 vitreis,
482 755 662 834 quorum
685 728 799 809 aliud
822 724 995 836 insuper
1024 737 1090 808 est
1111 725 1343 806 incommo-

299 873 416 976 dum,
442 876 558 984 quod
576 879 760 984 parvulae
781 877 925 977 bullae',
949 905 1043 984 quae
1064 877 1183 984 'saepe
1202 876 1345 955 insunt

298 1026 423 1125 vitro,
445 1027 605 1134 pistillo
624 1028 888 1137 franguntur,
911 1056 997 1136 quo
1021 1028 1137 1110 facto
1156 1024 1346 1107 medica-

298 1192 489 1259 mentum
506 1175 551 1259 in
569 1177 620 1259 iis
644 1179 854 1262 delitescit
872 1181 948 1280 ita,
970 1190 1018 1260 ut
1037 1207 1091 1262 ue
1112 1173 1345 1285 diligentis-

300 1329 407 1409 sima
420 1327 599 1435 ¹quidem
621 1331 872 1438 purgatione
898 1330 996 1412 inde
1022 1328 1158 1439 possit
1185 1326 1340 1409 excuti.

301 1479 399 1575 Qua
429 1477 482 1558 dc
512 1504 557 1558 re
585 1478 743 1588 optime
776 1493 873 1564 sunt
906 1494 1064 1589 paterae
1095 1479 1342 1589 porcellauo

298 1628 523 1728 confectae,
552 1629 620 1711 vel
650 1629 876 1742 simplices,
903 1633 972 1717 vel
999 1633 1109 1717 vitro
1141 1631 1340 1715 iuductae.

300 1779 569 1889 Simplicibus
588 1783 794 1863 utendum
814 1794 897 1884 est,
915 1810 1077 1892 eaeque,
1101 1783 1164 1864 uti
1181 1762 1343 1891 pistillo

298 1930 429 2030 nuda,
452 1933 637 2040 aptiores
657 1933 786 2015 etiam
804 1934 925 2016 reddi
952 1945 1132 2043 possunt
1152 1932 1341 2015 subtilis·

299 2082 406 2162 sima
436 2084 564 2163 arena
590 2083 838 2166 humectatis
868 2085 1051 2169 multum'
1079 2111 1152 2166 eas
1179 2083 1342 2167 abster-

299 2231 456 2338 gend0,
479 2233 565 2338 qud
592 2233 757 2315 ratione
787 2246 831 2315 et
859 2235 1122 2343 politissimae
1152 2238 1274 2336 fiunt,
1299 2251 1343 2320 et

297 2382 541 2489 impeditur,
578 2409 663 2489 quo
702 2384 850 2467 minus
875 2398 1123 2470 atterantur.
1184 2389 1342 2490 Pulvis,

300 2532 388 2639 qui,
417 2533 518 2613 dum
549 2532 714 2635 teritur,
741 2537 939 2619 facillime
973 2551 1133 2647 paterae
1160 2552 1203 2622 ct
1229 2567 1343 2622 mor-

298 2682 395 2767 tarii
408 2681 641 2791 parietibus
654 2685 857 2787 adhaeret,
872 2687 1037 2770 idoneis
1051 2690 1343 2774 instrumentis

299 2834 586 2917 detrudendus
618 2846 699 2936 est,
723 2837 791 2917 cui
810 2838 884 2919 fini
911 2837 1108 2947 spathula
1126 2842 1195 2924 vel
1220 2869 1345 2926 ossea

297 2986 367 3070 vel
396 3013 552 3068 cornea
586 2988 745 3096 optime
785 2990 1002 3072 satisfacit.
1062 2993 1104 3073 A
1136 2992 1344 3101 spathulis

298 3138 473 3221 metallo
495 3138 701 3220 confectis
721 3139 1021 3223 abstinendum
1036 3155 1118 3244 est,
1136 3172 1191 3226 ne
1211 3146 1341 3227 medi·

300 3291 405 3374 cinae
427 3287 587 3396 aliquid
606 3287 903 3391 admisceatur,
922 3320 1008 3399 quo
1029 3291 1120 3401 ejus
1138 3293 1248 3376 vires
1268 3295 1342 3376 ali·

298 3454 490 3525 euentur.

300 3665 303 3674 .
355 3594 464 3676 Cum
477 3609 594 3679 certa
606 3595 902 3678 medicamenti
922 3594 986 3676 vis
1005 3623 1092 3677 non
1107 3595 1188 3677 nisi
1201 3625 1343 3706 parvae

296 3747 493 3845 vehiculi,
522 3748 586 3828 uti
615 3746 864 3855 appellatur,
896 3747 1123 3853 quantitati
1152 3750 1342 3856 perfecte

297 3912 341 3983 et
371 3898 568 4006 aequabili
597 3899 727 3980 modo
749 3898 888 4006 possit
913 3897 1153 4000 immisceri,
1178 3902 1342 3984 etcum

296 4053 423 4168 plane
455 4050 545 4133 fieri
576 4061 777 4158 nequeat,
804 4061 852 4133 ut
880 4048 1093 4131 medicina
1123 4050 1166 4129 in
1191 4053 1343 4162 patera

296 4202 540 4313 angustiore
561 4230 613 4284 eo
633 4212 890 4300 attenuetur,
915 4201 1058 4307 quoad
1081 4199 1153 4281 fini
1182 4229 1338 4312 propo·
