3084 5040
284 391 322 473 46
646 421 999 476 mmnuncorfflln

296 588 508 696 neglecto,
528 603 689 698 quanta
701 591 1045 673 indewnascantur
1059 588 1343 686 incommoda,

296 741 459 823 definiri
477 743 638 851 nequit.
686 741 850 824 Eadem
871 741 972 824 cura
1001 741 1244 824 adhibenda
1262 751 1343 838 est,

297 893 332 973 si
358 894 468 976 forte
501 895 675 977 incauto
702 893 782 975 tibi
809 921 895 974 una
916 893 986 976 vel
1016 894 1150 975 altera
1180 890 1347 1000 guttula

293 1043 406 1150 plue,
430 1073 557 1152 quam
578 1044 680 1126 satis
706 1057 788 1145 est,
823 1043 1011 1126 admixta
1036 1044 1161 1126 fuerit
1182 1039 1346 1152 spiritui

294 1196 396 1297 vini,
419 1199 486 1279 vel
508 1197 561 1279 ab
578 1198 777 1279 interiore
791 1197 955 1304 lagenae
969 1206 1090 1304 parte
1107 1193 1342 1277 defluxerit.

296 1347 645 1457 Quotiescunque
676 1350 788 1456 aquei
818 1347 1069 1429 solvendum
1108 1358 1172 1427 est
1206 1371 1342 1427 reme·

282 1497 427 1598 dium,
461 1499 675 1581 destillant
695 1527 802 1607 opus
825 1512 915 1581 est:
950 1525 1049 1579 nam
1068 1496 1111 1578 in
1133 1495 1346 1579 communi

297 1651 409 1755 aqut
424 1650 566 1731 multae
580 1650 691 1750 ferri,
710 1649 874 1750 salium,
898 1648 1124 1756 sulphuris,
1148 1646 1344 1729 aliarum-

282 1826 379 1905 ·que
400 1826 555 1901 rerum,
582 1829 676 1909 quae
697 1800 864 1881 medicat
889 1800 931 1882 vi
956 1799 1136 1909 pollent,
1158 1798 1343 1908 particu-

295 1951 347 2032 lae
365 1952 524 2055 insunt,
546 1955 660 2035 unde
680 1952 1059 2048 metuendnm'est‚
1089 1976 1143 2031 ne
1168 1948 1344 2030 remedii

275 2102 405 2186 ·vires
422 2105 680 2188 alienentur·
713 2104 895 2186 Monere
914 2114 1059 2184 tamen
1077 2112 1262 2209 oportet,
1283 2100 1342 2209 ip-

281 2282 386 2336 sam
412 2285 566 2366 aquam
593 2258 850 2340 destillatam
878 2268 1007 2363 atque
1039 2250 1231 2362 spiritum
1257 2250 1343 2332 vini

277 2408 409 2489 *haud
428 2436 523 2489 raro
544 2409 709 2516 impura
736 2435 844 2507 esse,
877 2431 1057 2512 eamque
1085 2402 1141 2485 ob
1171 2429 1343 2484 causam

297 2558 351 2638 ad
369 2559 560 2665 paranda
583 2560 769 2640 remedia
799 2555 1142 2664 homoeopathiea
1171 2553 1341 2636 minime

296 2722 408 2818 apta.
469 2711 538 2791 Ita
569 2737 681 2818 saepe
712 2710 882 2810 accidit,
915 2721 962 2790 ut
996 2709 1041 2788 in
1071 2706 1181 2791 vasis
1212 2706 1341 2814 paulo

296 2874 395 2944 ante
418 2891 539 2971 aquae
558 2863 780 2955 destillatae
800 2863 869 2946 vel
890 2860 1059 2971 spiritus
1074 2859 1160 2943 vini
1174 2864 1338 2969 prae'pa-

275 3012 502 3097 rationem
531 3016 643 3121 aquei
666 3012 898 3095 aromatici
918 3011 986 3092 vel
1005 3009 1215 3093 medicinis
1234 3011 1338 3118 qut·

296 3161 394 3245 dam
419 3163 590 3247 imbutis
617 3175 746 3245 restet
771 3162 957 3271 aliquid3
992 3162 1027 3244 si
1047 3161 1099 3243 sit
1121 3160 1341 3243 subtilissi-

276 3344 409 3396 -mum
440 3327 483 3396 et
511 3311 754 3422 pauculum,
790 3313 905 3421 quod
934 3339 988 3394 ne
1021 3311 1342 3424 diligentissimis

218 3503 226 3510 ·
295 3466 467 3574 quidem
485 3466 737 3574 purgatione
749 3465 847 3546 inde
865 3465 992 3572 plane
1006 3475 1150 3572 potest
1168 3464 1337 3563 auferri,

293 3619 462 3731 spiritus
476 3619 562 3701 vini
577 3620 645 3702 vel
660 3647 770 3727 aqua
788 3648 894 3727 pura
908 3620 1152 3729 inquinetur
1167 3623 1340 3703 'necesse

293 3785 371 3854 est.
432 3771 553 3853 Idem
573 3771 703 3872 valet,
726 3781 769 3851 et
789 3771 924 3878 magis
945 3770 1085 3866 etiarn,
1108 3771 1161 3851 de
1182 3797 1234 3852 eo
1257 3771 1340 3877 spi-

291 3925 375 4006 ritu
403 3924 504 4024 vini,
537 3923 609 4030 qui
643 3922 686 4002 in
720 3920 897 4003 officinis
929 3922 1284 4030 pharmaceuticis
1315 3949 1338 4002 e

290 4077 479 4187 reliquiis
514 4076 778 4184 quorundam
819 4087 1152 4182 praeparatorum
1182 4074 1338 4156 chemi-

292 4257 451 4328 eorum,
477 4255 570 4334 quae
592 4237 809 4321 vocantur,
834 4253 870 4306 e.
892 4253 952 4332 gr.
977 4223 1126 4310 resinae
1149 4223 1337 4334 jaluppae
