3058 5040
516 407 875 464 noumoearnlcu.
1141 389 1218 463 123

223 576 277 656 In
310 575 527 683 pulverem
560 574 704 682 redige
738 575 839 656 dum
872 598 1020 656 reeens
1054 584 1097 654 et
1131 600 1218 654 non

168 725 333 806 siceum
356 725 435 821 sit;
467 736 557 806 tere
589 724 670 806 tria
703 751 835 831 grana
867 723 935 834 (in
967 724 1064 806 loco
1093 723 1218 805 unius

167 873 273 956 sicci
302 873 490 982 eorporis
515 872 657 983 grani)
679 898 777 954 oum
804 872 1037 979 nonaginta
1065 899 1219 956 novem

168 1022 376 1106 Saechari
394 1023 539 1104 Laetis
559 1021 712 1129 granis.
772 1022 873 1104 Hoe
905 1020 1083 1131 primam
1115 1049 1220 1104 eon-

167 1171 313 1254 stituit
344 1173 692 1254 attenuationem.
752 1173 920 1282 Repete
945 1170 1012 1255 bis
1045 1182 1089 1252 et
1121 1171 1220 1256 dein

168 1349 279 1431 para
299 1351 397 1406 aum
417 1321 577 1431 Spiritu
595 1319 697 1402 Vini
716 1347 851 1428 usque
878 1321 934 1402 ad
961 1320 1221 1427 trigesimam

168 1472 511 1554 attenuationem
529 1470 658 1551 modo
678 1469 946 1578 antipsorieo.

225 1623 285 1702 N.
298 1620 350 1702 B.
380 1620 535 1702 Trinks
558 1618 690 1700 utitur
711 1617 838 1699 tertia
860 1619 1149 1720 attenuatione
1178 1621 1221 1702 in

154 1769 334 1852 morbis
354 1767 575 1850 chronicis.

223 1899 432 1999 ‘nummu
448 1917 531 1998 hoo
549 1916 905 1999 medicamentum
918 1917 1223 2001 administravit

169 2066 216 2147 in
242 2065 428 2147 Cholera
452 2064 496 2145 in
529 2065 681 2172 quarta
710 2065 1016 2165 attenuatione,
1049 2065 1125 2148 sed
1143 2066 1220 2146 du-

171 2214 315 2297 bitare
357 2213 487 2295 debet
526 2212 560 2294 ai
592 2213 701 2295 vires
720 2213 912 2294 'medicae
944 2213 1045 2294 satis
1087 2213 1219 2320 expli-

174 2363 264 2444 cari
294 2359 459 2469 possint
490 2359 642 2442 sinon
671 2360 727 2442 ad
745 2359 1005 2485 trigesimam
1025 2371 1220 2443 attenua-

173 2511 351 2597 tionem.

232 2662 365 2744 Dosis
378 2660 570 2746 z—Glob.
600 2661 644 2771 ij.
668 2672 741 2744 aut
766 2660 826 2770 iij.
855 2663 1081 2771 trigesimae
1115 2676 1225 2748 atte-

175 2810 404 2894 nuationis.

235 2945 382 3046 antid.
400 3012 450 3022 -
466 2960 670 3045 Solanum
708 2961 905 3070 Nigrum,
942 2974 986 3044 et
1025 2962 1226 3070 frequens

179 3113 302 3194 Odor
322 3110 503 3218 Spiritus
526 3109 790 3222 Camphorae.

504 3407 677 3474 SEDUM
703 3406 834 3471 ACRE
862 3407 903 3471 L.

506 3598 581 3658 Trea
594 3595 807 3660 attenuationes
834 3576 898 3674 (l).

238 3796 366 3877 Hane
391 3793 580 3901 plantam
599 3789 727 3870 modo
748 3815 969 3870 suecorum
996 3791 1227 3872 recentium

184 3973 288 4054 para
307 3955 350 4027 et
371 3942 426 4024 ad
446 3939 615 4022 tertiam
635 3936 971 4019 attenuationem
991 3937 1170 4044 explica.

239 4093 370 4178 Dosis
384 4089 585 4174 z-Gutt‘a
601 4113 733 4196 parva
751 4087 887 4168 tertiae
912 4086 1226 4204 attenuationis.
