3084 5040
555 397 913 451 nontacennnrca.
1207 374 1261 450 25

212 591 400 646 necnon
432 565 485 648 ab
517 565 714 647 omnibus
740 562 1061 646 medicamentis
1091 563 1135 645 in
1163 563 1259 672 pul·

210 740 352 796 verem
379 714 561 796 redactis
592 714 849 796 removenda
876 725 966 812 est,·
990 725 1139 822 utpote
1166 739 1261 820 quse

213 864 402 947 similiter
425 865 583 948 viribus
618 864 704 947 suis
735 865 884 974 privet.
943 864 1161 946 Nonnulla
1194 891 1262 947 re-

211 1016 352 1098 media
370 1043 600 1124 eorumque
620 1015 948 1116 attenuationem
981 1043 1075 1123 quae
1093 1015 1136 1098 vi
1154 1015 1260 1098 lucis
1363 1095 1367 1102 .

211 1165 408 1248 facillime
427 1178 659 1266 mutantur,
682 1165 744 1248 uti
762 1166 947 1247 Acidum
962 1167 1263 1276 Hydrocyani-
1387 1237 1392 1244 .

213 1342 326 1413 cum,
343 1326 675 1396 consentaneum
695 1315 791 1415 erit,
821 1315 939 1396 vitris
961 1316 1062 1398 atris
1080 1315 1150 1399 vel
1170 1317 1263 1398 atri

214 1465 362 1546 charta
376 1463 573 1546 obductis
593 1491 819 1546 asservare.
882 1465 1018 1547 Acida
1035 1478 1262 1575 propterea

214 1615 377 1722 lagenis
398 1614 549 1697 subere
583 1614 790 1697 obturatis
825 1616 999 1698 recondi
1027 1629 1261 1742 nequeunt,

215 1765 313 1874 quia
343 1765 468 1848 suber
497 1767 664 1848 solvunt
696 1792 835 1874 eoque
872 1768 1011 1849 soluto
1044 1768 1260 1868 vitiantur,

215 1919 301 2025 qud
319 1917 372 1998 de
391 1943 435 1997 re
468 1916 631 1998 emboli
654 1915 778 1999 vitrei
811 1930 940 2026 atque
975 1919 1112 2027 asperi
1142 1918 1263 2000 adhi-

213 2065 342 2147 bendi
374 2077 483 2147 sunt.
551 2065 712 2147 Verum
745 2068 959 2151 enimvero
990 2094 1044 2149 ne
1077 2069 1258 2182 accidat,

214 2227 261 2297 ut
282 2241 305 2295 e
324 2216 501 2324 lagenis,
534 2243 628 2323 quae
659 2218 836 2301 embolis
866 2218 1009 2301 vitreis
1044 2245 1129 2300 non
1160 2219 1262 2300 satis

215 2365 387 2446 firmiter
407 2377 504 2447 sunt
525 2366 692 2467 clausae,
713 2368 871 2476 aliquid
888 2370 941 2450 de
959 2369 1082 2450 acido
1102 2369 1259 2468 avolet,

216 2526 258 2595 et
279 2513 438 2596 emboli
457 2529 501 2597 et
533 2517 691 2598 crificia
720 2519 965 2626 lagenarum
996 2519 1094 2600 cera
1123 2519 1260 2602 obdu·

216 2675 382 2763 cuntur,
401 2692 454 2747 ue
476 2667 579 2775 quid
598 2668 799 2778 aufugere
818 2669 967 2778 possit.

292 2957 350 3010 DE
373 2959 665 3012 ltElllEDIORUM
687 2959 1027 3016 DISPENSATIONE
1048 2962 1184 3026 ATQUE

625 3110 852 3164 FORMULIS.

274 3271 324 3352 In
354 3272 549 3354 remediis
580 3273 929 3383 homoeopathicis
960 3274 1143 3382 pulveris
1176 3276 1261 3358 for·

216 3428 329 3502 mam
348 3423 518 3530 reliquis
539 3433 797 3530 anteponere
818 3423 938 3505 solet.
1000 3424 1151 3535 Itaque
1173 3454 1264 3510 cer-

217 3586 263 3654 ta
290 3573 586 3656 medicamenti
618 3575 830 3682 quantitas
861 3588 986 3657 certae
1009 3586 1137 3684 atque
1158 3577 1261 3659 defi-

217 3723 316 3805 nitae
351 3722 539 3806 sacchari
578 3725 700 3806 lactis
735 3726 962 3834 quantitati
990 3726 1264 3810 immiscenda

218 3886 296 3956 est.
357 3849 459 3957 Non
480 3876 823 3958 commutandum
838 3887 902 3958 est
915 3875 1161 3959 saccharum
1180 3879 1262 3960 lac-

218 4026 271 4107 tis
315 4052 410 4106 cum
443 4026 644 4106 saccharo
682 4024 860 4133 vulgari,
901 4025 999 4106 huic
1031 4027 1142 4108 enim
1174 4028 1263 4112 fere

218 4177 383 4282 semper
402 4174 528 4257 calcis
549 4176 855 4285 aliquantulum
873 4175 996 4259 inest.
