3084 5040
255 357 311 430 44
372 383 373 387 ¹
604 379 955 434 rnanmacormm

309 544 457 626 Antid.
459 545 661 630 -Pulsat
662 546 733 628 illa
738 543 1061 655 ,lpecacuanha
1076 553 1119 624 et
1133 540 1299 622 Asafoe·

240 669 400 778 ·tida
362 723 471 780 vires
491 696 581 806 ejus
600 703 812 780 coement.

514 955 722 1023 ARANEA
746 953 979 1022 DIADEMA
1002 955 1043 1019 L.

550 1134 685 1213 Triginta
699 1133 911 1192 attenuationes
925 1117 1007 1210 (X).

258 1341 262 1348 -
312 1287 458 1369 lucide
479 1286 757 1394 posteriorem
776 1283 902 1394 hujus
918 1285 1108 1367 animalis
1123 1296 1303 1392 partem,

257 1451 507 1548 guttamque
537 1435 737 1532 humoris,
763 1462 857 1544 quae
884 1462 908 1516 e
937 1435 1111 1516 vulnere
1141 1439 1303 1530 manat,

217 1673 219 1678 ,
257 1588 388 1670 misce
408 1614 504 1670 cum
524 1563 923 1693 nonagintanovem
942 1583 1143 1668 Saochari
1159 1581 1305 1665 Laetis

259 1739 424 1845 granis:
459 1750 633 1820 attenua
655 1737 835 1818 terendo
862 1736 917 1817 ad
936 1736 1107 1817 tertiam
1132 1730 1303 1814 dilutio·

258 1913 372 1987 nem,
395 1887 547 1968 eodem
565 1887 694 1967 modo
717 1913 801 1993 quo
817 1896 945 1966 antea
962 1884 1007 1964 in
1025 1883 1220 1964 remediis
1233 1908 1307 1962 an·

132 2031 134 2038 ’
258 2036 469 2145 tipsoricis
486 2034 772 2117 adhibendum
792 2061 885 2117 esse
905 2034 1064 2116 dictum
1086 2045 1177 2114 est:
1207 2031 1304 2111 reli·

261 2213 367 2294 quas
393 2213 495 2269 vero
516 2153 828 2267 attenuationes
847 2185 892 2265 in
911 2182 1069 2292 Spiritu
1087 2182 1189 2263 Vini
1207 2180 1308 2262 rati-

258 2362 340 2418 one
362 2335 568 2417 consuetd
582 2334 637 2416 ad
651 2332 909 2442 trigesimam
925 2332 1174 2414 dilutionem
1188 2357 1304 2440 para.

261 2484 526 2594 (Grossius.)

316 2634 449 2716 Dosis
465 2633 665 2716 :-Glob.
684 2634 711 2714 i.
727 2647 800 2716 aut
818 2634 864 2742 ij.
881 2633 1106 2742 'trigesimae
1119 2643 1310 2714 attenua-

260 2785 401 2868 tionis.

497 3003 785 3071 ARGENTUM
807 3004 1074 3071 FOLIATUM.

589 3174 650 3232 Sex
663 3173 876 3232 attenuationes
891 3154 980 3252 (Π).

317 3319 590 3401 Purissimum
609 3327 777 3399 tantum
797 3327 926 3424 atque
946 3315 1090 3425 pondo
1110 3325 1209 3396 octo
1230 3343 1308 3396 un·

261 3470 420 3551 ciarum
439 3466 677 3549 adhibetur.
736 3465 932 3548 Eundem
947 3466 1134 3562 modum,
1157 3491 1242 3572 quo
1258 3463 1313 3545 de

262 3618 458 3703 remediis
470 3615 734 3726 antipsoricis
745 3629 1006 3725 praeceptum
1021 3609 1102 3716 est,
1118 3640 1310 3723 sequere.

322 3769 455 3852 Dosis
472 3765 670 3850 :-Glob.
705 3764 750 3874 ij.
786 3767 856 3848 vel
880 3765 938 3873 iij.
972 3764 1169 3847 secundae
1203 3774 1312 3844 atte-

264 3918 476 4003 nuationis
494 3919 538 4001 in
557 3916 716 3999 morbis
742 3914 965 4016 chronicis,
990 3914 1034 3995 in
1058 3911 1193 3995 acutis
1213 3939 1313 3995 vero

266 4082 407 4155 sextae.
