3058 5040
291 365 369 446 126
642 395 989 448 erinauacumnm

621 599 991 672 SERPENTARIA.

464 763 777 873 (Aristolochia
794 764 1063 874 Serpentaria
1080 764 1160 876 L.)

550 923 716 998 ¹Duodecim
731 941 943 998 attenuationes
965 923 1066 1016 (IV).

342 1087 548 1170 Radicem
567 1089 693 1196 hujus
712 1091 870 1200 plantae
896 1089 1066 1191 adhibe,
1090 1105 1133 1174 et
1153 1092 1335 1174 eundem

286 1239 474 1354 modum,
497 1238 656 1347 quode
683 1239 930 1346 corporibus
949 1239 993 1319 in
1021 1242 1239 1347 pulverem
1267 1268 1336 1322 re-

285 1357 420 1468 dactis
441 1386 702 1488 dictumest,
740 1415 943 1496 sequere:
976 1388 1074 1471 dein
1095 1390 1150 1471 ad
1168 1390 1331 1472 duode-

286 1535 438 1616 cimam
459 1536 796 1618 attenuationem
817 1538 996 1646 explica.
1094 1561 1096 1566 ·

339 1687 495 1766 Dos—
509 1686 636 1769 Glob.
659 1685 701 1793 ij.
724 1687 986 1770 duodecimae
1014 1689 1331 1772 attenuationis,

609 1917 800 1984 SlLlCEA
823 1919 1006 1984 TERRA.

577 2068 713 2146 Triginta
726 2071 940 2131 attenuatioues
960 2053 1040 2149 (X).

342 2203 645 2311 Crystallorum
661 2201 814 2304 Silicis,
836 2204 908 2311 qui
922 2207 1080 2314 pluries
1098 2207 1335 2289 candefacti

285 2366 328 2435 et
349 2355 461 2461 aqua
477 2353 605 2434 toties
625 2353 800 2435 extincti
819 2381 912 2436 esse
941 2356 1116 2457 debent,
1148 2357 1217 2440 vel
1239 2384 1331 2440 are·

283 2530 349 2583 nae
368 2501 475 2583 albae
492 2502 633 2583 Aceto
651 2502 884 2584 Destillato
905 2503 1060 2586 ablutae
1084 2505 1251 2588 unciam
1269 2507 1336 2588 di·

283 2649 457 2730 midiam
475 2649 609 2731 unciis
625 2648 789 2730 duabus
802 2650 927 2733 Natri
942 2651 1094 2760 dilapsi
1108 2644 1335 2737 coinmisce

285 2810 414 2907 atque
445 2798 489 2878 in
518 2798 661 2914 lebete
702 2799 839 2881 ferreo
875 2828 928 2882 co
958 2801 1160 2910 liquefac,
1196 2802 1333 2884 donec

284 2959 378 3029 tota
409 2973 550 3028 massa
585 2946 843 3030 deferbuerit
887 2963 930 3032 et
972 2951 1102 3032 fluida
1136 2952 1333 3061 claraque

284 3096 451 3179 reddita
471 3097 525 3178 sit
543 3129 554 3194 3
588 3123 674 3204 quo
693 3097 825 3196 factu,
861 3099 905 3179 in
925 3098 1115 3182 tabulam
1148 3127 1330 3183 marmo-

284 3274 400 3330 ream
420 3247 602 3327 effunde.
661 3225 830 3328 Vitrum
857 3250 1048 3355 perfecte
1075 3250 1334 3358 pellucidum

284 3399 365 3479 hac
383 3396 547 3478 ratione
572 3407 769 3506 paratum
800 3423 900 3479 vase
934 3398 1069 3480 vitreo
1098 3399 1256 3507 recipe,
1289 3411 1333 3480 et

286 3558 468 3655 quatuor
499 3546 636 3652 Aquae
666 3543 904 3628 Destillatae
933 3546 1124 3656 partibus
1141 3547 1331 3642 adfusis,

285 3695 432 3778 charta
451 3694 622 3802 obtege.
656 3696 773 3777 Dum
792 3696 853 3778 ita
867 3697 1041 3780 solvitur
1058 3697 1141 3778 hoc
1160 3696 1330 3796 vitrum,

282 3843 414 3928 Terra
432 3843 583 3926 Silicea
602 3844 714 3929 nivei
734 3845 887 3928 coloris
909 3873 934 3927 a
952 3846 1089 3928 Natro
1117 3856 1329 3953 separata,

285 4006 440 4103 sponte
452 3994 624 4076 decidit.
665 3992 829 4100 Liquor
840 3994 1014 4076 delusus
1025 3993 1163 4076 Natro
1177 3992 1333 4076 Carbo·

284 4143 382 4224 nico
399 4169 507 4250 puro
527 4154 657 4248 atque
689 4142 801 4247 aqua
834 4153 1013 4224 constat.
1072 4144 1225 4250 Aquoe,
1247 4143 1333 4250 qua
