3058 5040
292 366 345 449 92
645 383 996 438 rnsnmncoroem

290 549 404 632 ribus
428 548 588 656 Coryli,
618 548 759 649 Pinus,
793 560 835 631 et
854 549 1036 650 Abietis,
1061 548 1106 627 in
1123 546 1340 655 pulverem

290 700 473 782 redactis
496 700 676 782 mixtum
705 710 785 800 est,
815 711 858 782 et
889 711 991 783 tune
1017 701 1155 781 minus
1184 695 1339 779 subtile
1397 675 1401 684 ⁴

292 860 385 931 est:
420 848 457 929 si
477 849 603 930 flores
623 850 752 931 Pinus
772 861 845 931 aut
864 847 1030 931 Abietis
1044 848 1199 946 adsint,
1214 843 1340 926 facile

290 1024 367 1106 per
386 998 561 1080 odorem
581 998 724 1105 detegi
743 1009 936 1106 possunt.
973 996 1196 1078 Interdum
1213 992 1342 1074 etiam

292 1148 412 1230 adest
440 1145 646 1253 Amylum
672 1159 715 1228 et
743 1147 813 1227 alii
842 1147 1050 1254 pidveres,
1073 1144 1146 1252 qui
1178 1140 1234 1224 ad
1265 1167 1340 1222 co·

289 1298 424 1378 lorem
441 1297 681 1404 Lycopodii
700 1295 949 1378 imitandum
969 1293 1182 1376 Curcum&
1198 1291 1342 1398 tingu-

291 1458 432 1527 untur.
495 1445 540 1524 Si
563 1447 703 1552 liquor
728 1446 916 1527 Potassae
935 1438 1194 1541 infundatur,
1214 1438 1344 1521 rubra

200 1621 203 1628 ·
293 1595 412 1675 fiunt.
474 1594 519 1674 Si
550 1594 656 1675 Calx
684 1595 728 1674 in
761 1593 978 1701 pulverem
1006 1592 1180 1674 redacta
1212 1589 1339 1688 adsit,

292 1745 410 1825 color
441 1755 506 1826 est
532 1744 689 1843 luteus,
713 1755 756 1824 et
785 1744 932 1839 flavus,
957 1740 1100 1849 magni
1121 1738 1340 1848 ponderis,

291 1895 336 1975 in
362 1894 474 2001 aqud
503 1892 558 1974 ad
587 1892 763 1973 fundum
795 1890 990 1990 subsidit,
1028 1902 1071 1971 et
1106 1888 1141 1970 si
1170 1883 1342 1969 aeidum

291 2038 552 2141 infundatur,
573 2041 757 2123 bullulas
778 2039 947 2122 emittit.

349 2194 479 2275 Hunc
523 2191 741 2299 pulverem
785 2189 1067 2272 remediorum
1114 2187 1340 2295 antipsori·

293 2371 439 2425 eorum
456 2340 617 2422 ratione
638 2339 962 2422 tid-dilutionem
985 2337 1245 2446 trigesimam
1268 2363 1342 2418 ex·

291 2493 415 2600 plica.

271 2726 282 2745 ‚
347 2638 617 2721 nous-111
631 2639 789 2721 morsis
808 2615 1144 2744 chronicisglob.
1166 2636 1193 2716 i.
1208 2636 1278 2718 vel
1295 2636 1341 2744 ij.

293 2790 649 2898 duodevigesimae
677 2789 1005 2886 attenuationis3
1040 2786 1204 2895 aegrotis
1222 2812 1342 2887 vero,

294 2939 368 3047 qui
403 2939 526 3022 vedde
565 2951 662 3020 sunt
695 2938 918 3020 irritabiles
936 2939 1007 3021 vel
1023 2938 1199 3033 debiles,
1219 2938 1340 3044 vige-

294 3087 408 3170 simoe
428 3099 588 3197 quartae
606 3089 676 3170 vel
695 3086 932 3194 trigesimae.

349 3236 635 3332 Durat-Per
674 3236 969 3344 quadraginta,
1002 3236 1088 3318 imo
1127 3189 1338 3346 quinqua·

294 3389 413 3495 ginta
436 3386 525 3467 dies
543 3387 613 3469 vel
631 3386 753 3467 idtra.

350 3535 793 3644 Antid—Camphora
811 3548 855 3619 et
874 3536 1105 3619 Pulsatilla.

526 3802 786 3868 MAGNESIA
810 3801 1109 3869 CARBONICA.

592 3963 728 4042 Triginta
740 3962 954 4021 attenuationes
967 3944 1052 4038 (X).

352 4133 424 4215 Ad
454 4134 537 4216 hoe
567 4129 801 4215 remedium
831 4128 1125 4230 obtinendum,
1160 4130 1343 4240 Magne·
