3058 5040
528 375 886 430 rroumornrnron.
1154 355 1230 436 127

189 533 371 619 abluitur
399 539 532 622 Tema
574 541 741 642 Silices,
792 540 993 648 Spiritum
1021 537 1124 621 Vini
1157 540 1234 620 ad-

187 686 331 789 misce,
353 701 400 771 ut
420 690 629 772 levissima
645 690 776 772 Terra
791 689 945 798 Silicas
956 685 1119 770 facilius
1138 688 1233 770 fun-

185 836 286 916 dum
304 839 416 921 vasis
434 852 581 947 petere
599 839 748 948 possit.
808 839 907 936 Quo
921 840 1037 920 facto
1051 838 1234 947 primum

185 984 341 1096 chartae
359 987 533 1089 bibulae,
570 987 724 1071 additis
753 989 926 1096 insuper
954 986 1229 1096 ponderibus,

184 1146 231 1216 ut
277 1138 331 1220 ab
369 1138 546 1222 humore
580 1140 795 1238 liberetur,
831 1141 1068 1247 interpone,
1105 1151 1232 1247 atque

182 1284 283 1367 inde
318 1289 598 1397 depromam,
630 1302 678 1371 ut
706 1292 896 1399 perfecte
917 1290 1137 1391 siccesoat,
1164 1289 1234 1371 vel

181 1433 224 1515 in
245 1436 390 1543 aprico
408 1436 478 1519 vel
494 1438 591 1520 loeo
612 1439 750 1520 calido
768 1464 894 1546 pone.

238 1584 434 1666 Eundem
453 1587 642 1688 modum,
667 1615 753 1695 quo
773 1588 826 1668 dc
842 1588 1106 1696 antipsorieis
1125 1615 1231 1696 prae·

183 1747 357 1842 ceptum
372 1750 450 1835 est,
466 1764 643 1846 sequere
665 1748 708 1819 et
729 1737 784 1818 ad
803 1737 1138 1820 attenuationem
1156 1737 1231 1818 tri·

181 1886 388 1992 gesimam
409 1888 586 1996 explica.

238 2037 372 2118 Dosis
388 2037 587 2120 z-Glob.
607 2037 651 2145 ij.
666 2037 1021 2144 duodevigesima
1040 2047 1235 2118 attenua-

182 2186 312 2268 tionis
330 2187 374 2267 in
393 2187 550 2270 morbis
581 2186 788 2269 chronicis
816 2185 1070 2285 levioribus3
1102 2186 1234 2294 trige-

183 2337 300 2417 simae
319 2337 483 2420 veroin
501 2337 660 2420 morbis
680 2336 887 2418 chronicis
906 2334 1181 2442 gravioribus.

238 2485 424 2568 Duratio
440 2487 583 2568 :—Per
599 2485 717 2596 quasi
733 2486 1013 2594 quadraginta
1027 2484 1132 2569 dies.

239 2632 386 2717 Antid.
399 2637 685 2745 -Camphora
727 2661 815 2718 non
857 2633 959 2718 satis
1001 2635 1093 2744 ejus
1121 2635 1232 2720 vires
1278 2669 1290 2699 0

183 2783 433 2896 compescit,
455 2809 585 2893 quare
602 2785 752 2893 Hepar
768 2783 909 2867 Calais
926 2785 1233 2892 praeferendum

183 2945 264 3052 est·
317 2978 321 2986 '
947 3041 950 3046 .

277 3131 281 3142 ,
424 3065 663 3130 SOLANUM
686 3065 989 3131 MAMMOSUM.

240 3233 423 3315 Succum
450 3242 665 3312 recentem
696 3258 792 3311 oum
819 3230 911 3337 pari
932 3229 1111 3338 Spiritus
1131 3230 1232 3314 Vini

185 3381 421 3489 quantitate
442 3381 571 3463 misce
593 3393 636 3462 et
656 3381 785 3463 modo
815 3383 1055 3489 plantarum
1083 3410 1229 3465 recen·

183 3530 290 3620 tium
308 3558 422 3639 para.

441 3710 682 3776 SOLANUM
707 3711 909 3777 NIGRUM
930 3713 971 3777 L.

482 3861 617 3942 Triginta
630 3865 842 3923 attenuationes
856 3845 939 3942 (X).

239 4007 462 4092 Mensibus
482 4008 629 4108 Juni0,
661 4007 778 4090 Julio
808 4019 850 4090 et
877 4009 1074 4114 Augusto
1109 4009 1227 4092 colli-

182 4158 323 4264 genda
341 4168 417 4239 est.
828 4165 832 4171 ’
