3084 5040
292 376 317 449 2
641 393 991 449 ruaarrneormm

294 562 494 644 dicendas
508 563 711 672 paulatim
730 573 945 671 augeatur.
979 560 1065 642 Hie
1078 555 1233 666 agendi
1246 579 1339 634 mo-

293 713 372 795 dus
384 714 513 822 vulgo
530 714 766 796 attenuatio
779 726 851 795 aut
864 713 1013 794 dilutio
1018 710 1192 814 ,rectius
1207 704 1338 814 expli-

293 865 408 948 catio'
426 876 498 947 aut
519 865 710 948 extensio
730 865 879 949 virium
904 863 1162 946 modicarum
1193 858 1338 969 appel-

293 1015 371 1098 lari
391 1014 536 1117 debet,
557 1016 731 1126 perinde
750 1045 800 1098 ae
822 1018 937 1099 calor
958 1016 1097 1098 latens
1123 1040 1147 1095 e
1169 1039 1338 1121 eorpor-

294 1167 389 1250 ibus
416 1180 489 1250 aut
522 1170 701 1252 terendo
735 1170 956 1252 excuditur
986 1178 1059 1250 aut
1086 1164 1337 1274 quibusdam

293 1301 478 1403 misturis
504 1323 702 1405 chemicis
727 1324 870 1430 vigore
899 1319 1014 1430 prius
1042 1316 1259 1425 incognito
1291 1341 1336 1396 e-

294 1471 462 1580 rumpit.
515 1471 860 1583 Homoeopathiei
886 1469 1036 1552 iisdem
1065 1467 1260 1550 remediis
1286 1467 1340 1548 ad

295 1622 467 1705 morbos
480 1625 690 1707 sanandos
702 1616 893 1724 utuntur,
909 1620 1061 1730 quibus
1078 1618 1337 1729 allopathiei,

296 1801 432 1884 eaque
459 1804 483 1858 e
508 1804 640 1886 regno
663 1777 917 1887 plantarum,
938 1773 1191 1856 minerarum
1212 1784 1340 1880 atque

297 1927 540 2011 animalium
563 1929 828 2038 depromunt.
878 1927 915 2008 E
934 1923 1147 2035 plerisque
1166 1922 1339 2032 plantiS,

297 2077 331 2159 si
349 2072 510 2161 nullum
531 2080 674 2163 obstat
693 2079 1056 2189 impedimentum,
1078 2074 1251 2157 succum
1275 2099 1341 2155 re-

224 2253 227 2258 ·
296 2225 463 2316 o'entem
492 2247 679 2317 sumunt:
720 2233 851 2316 exiis
884 2258 986 2315 vero
1022 2257 1116 2341 quae
1144 2257 1231 2311 non
1259 2228 1341 2349 nisi

296 2385 419 2467 sieeae
432 2386 613 2469 obtineri
623 2396 817 2495 possunt,
833 2382 981 2492 spiritu
988 2381 1079 2502 ¹vini
1090 2381 1253 2477 adfus0,
1268 2379 1342 2461 illa

295 2549 445 2645 parant
458 2528 783 2634 medicamenta,
803 2533 955 2644 quibus
974 2560 1130 2615 nornen
1150 2545 1214 2616 est
1233 2532 1340 2615 tinc-

280 2686 418 2769 turis:
442 2688 510 2771 vel
522 2687 557 2769 si
568 2686 705 2769 modis
719 2685 812 2794 jam
824 2683 1160 2767 commemoratis
1171 2685 1340 2793 plantas

297 2859 444 2950 parare
477 2854 707 2951 nequeunt,
740 2835 930 2923 terendo'
958 2840 1217 2921 medicorum
1248 2839 1342 2922 usui

297 2984 420 3102 aptas
439 2995 617 3077 reddere
629 2994 781 3077 solent.
812 2995 926 3075 Ante
942 2992 1084 3073 omnia
1098 2991 1341 3084 inmedica-

295 3135 1341 3256 mentisparandiseavendurnest,utsummamun·

296 3298 421 3380 dities
433 3298 698 3397 adhibeatur,
708 3308 751 3379 et
763 3308 811 3378 ut
824 3295 980 3396 omnia,
996 3323 1091 3403 quae
1102 3322 1247 3377 eorum
1259 3294 1341 3379 vir·-

297 3461 411 3531 tutes
424 3441 672 3532 imminuere
684 3448 997 3556 possint,longe
1014 3447 1167 3530 absint.
1199 3449 1339 3558 Opor-

297 3614 360 3684 tet
386 3602 529 3709 igitur,
545 3593 701 3682 'locum
727 3599 929 3706 deligere,
956 3598 1033 3681 ubi
1059 3600 1174 3681 calor
1201 3627 1341 3710 neque

297 3747 499 3835 usitatam
525 3751 688 3833 domus'
705 3750 952 3859 temperiem
982 3762 1168 3860 superat,
1201 3778 1341 3859 neque

298 3905 399 3987 solis
423 3904 531 3987 radii
544 3897 709 4013 ¹eorpus
734 3902 962 4002 medicum,
991 3903 1044 3983 de
1070 3930 1155 4010 quo
1185 3903 1339 4010 agitur,

191 4139 196 4145 .
298 4049 475 4156 feiiunt,
491 4051 630 4164 neque
648 4059 726 4137 aiir
753 4053 876 4135 malis
903 4052 1148 4163 vaporibus,
1180 4053 1340 4137 scilieet

297 4205 417 4288 acido
429 4203 706 4314 sulphuroso,
728 4202 1001 4312 h'ydrogeneo'
1021 4204 1161 4304 acido,
1180 4205 1338 4312 hydro-
