3058 5040
556 407 912 463 norroeoenrnrcn.
1208 380 1259 462 87

158 545 162 552 ’
273 569 381 655 Tere
399 597 527 654 unam
546 571 763 682 limpidam
782 583 947 681 guttam
967 597 1062 654 cum
1089 577 1261 650 centum

216 718 414 804 Sacchari
433 721 580 806 Laetis
600 723 741 830 granis
760 735 840 822 ter,
864 735 907 804 et
928 732 1103 804 attenua
1129 713 1258 797 vicies

215 871 374 980 septies
393 873 489 955 curn'
511 871 613 954 Vini
632 873 792 984 Spiritu
819 872 874 955 ad
904 868 1162 978 trigesimam
1195 863 1260 946 di-

215 1019 434 1104 lutionem.

271 1169 403 1252 Dosis
423 1171 622 1254 z—Glob.
653 1171 680 1254 i.
715 1185 787 1256 aut
815 1172 861 1281 ij.
891 1168 1116 1278 trigesimae
1148 1177 1256 1248 atte-

172 1337 176 1344 '
214 1317 441 1402 nuationis.

271 1468 565 1551 Durat-Per
582 1469 755 1578 triginta
773 1482 846 1553 aut
862 1465 1140 1578 quadraginta
1154 1465 1256 1547 dies.

256 1613 599 1701 ·Antid.-0d0r
644 1619 823 1730 Spiritus
858 1617 1044 1706 AEtheris
1089 1603 1256 1715 Nitrici,

213 1767 418 1851 Tinctura
438 1767 596 1854 Coffeae
616 1780 660 1851 et
680 1769 932 1880 Camphora.
1022 1797 1024 1806 ‘
1299 1777 1304 1788 '

484 2051 603 2122 KALI
626 2053 993 2123 HYDRIODICUM.

510 2219 645 2301 Triginta
657 2183 870 2284 attenuationes
890 2205 968 2306 (X).

272 2379 410 2465 Misce
427 2380 531 2463 duas
546 2379 574 2462 J
578 2379 665 2462 odii
682 2393 825 2490 partes
845 2409 941 2466 cum
953 2385 1039 2466 unt
1051 2409 1168 2493 purae
1186 2382 1262 2464 Li-

214 2559 297 2618 mae
312 2532 431 2614 Ferri
445 2542 566 2640 parte
584 2537 628 2612 et
644 2543 743 2614 octo
760 2560 881 2643 aquae
896 2534 1100 2644 partibus.
1152 2533 1261 2618 Haec

214 2684 399 2767 mixtura
428 2706 560 2790 parvo
589 2707 686 2763 cum
718 2683 857 2766 calore
888 2684 1064 2767 fluidum
1095 2685 1263 2767 fuscum

213 2831 405 2943 praebet3
448 2828 548 2911 huic
575 2830 716 2920 lenem
744 2831 930 2915 calorem
956 2831 1095 2942 adjice
1124 2833 1262 2917 donec

214 2981 481 3093 purificetur:
528 2980 714 3061 colatum
744 2992 788 3064 et
820 2981 1098 3065 fervefactum
1130 2979 1261 3066 misce

218 3159 316 3214 cum
333 3129 522 3248 Putasses
542 3126 782 3212 Carbonate
802 3130 940 3214 donec
960 3157 1084 3214 omne
1106 3132 1263 3215 ferrum

217 3279 415 3364 demittit.
475 3277 537 3361 Ut
557 3289 802 3360 amoveatur
831 3280 947 3388 quod
973 3280 1163 3366 Potassae
1190 3311 1259 3366 su-

215 3428 365 3538 persit,
386 3427 560 3535 paulum
579 3423 704 3508 Acidi
725 3425 978 3535 Hydriodici
997 3427 1145 3540 adjice.
1186 3433 1261 3516 Li-

219 3606 327 3690 quor
358 3605 471 3659 nunc
504 3588 570 3659 est
604 3575 706 3658 Kali
738 3577 1060 3686 Hydriodicum.
1119 3585 1264 3686 Quum

218 3730 404 3812 colatum
449 3737 493 3810 et
531 3739 655 3811 caute
695 3742 993 3836 consumptum
1033 3732 1087 3816 sit
1126 3734 1263 3821 donec

219 3880 321 3962 fiant
341 3877 541 3990 crystalli,
557 3876 708 3984 collige
728 3889 770 3960 et
792 3877 917 3961 sicca.

272 4029 382 4114 Tere
440 4055 570 4112 unum
624 3999 917 4136 crystallorum
964 4057 1141 4140 granum
1188 4063 1265 4146 per

217 4181 366 4265 horam
384 4205 512 4262 unam
531 4204 628 4261 cum
645 4177 878 4285 nonaginta
896 4207 1050 4264 novem
1068 4180 1267 4269 Succham‘
