3084 5040
547 379 906 434 nouruornrurcn.
1193 353 1246 428 53

198 553 357 642 centes,
378 554 422 625 et
442 544 498 625 ad
520 545 774 628 tricesimam
806 547 1141 630 attenuationem
1171 569 1244 625 ex-

199 691 323 799 plica.

256 845 389 926 Dosis
403 846 601 929 :-·Glob.
624 848 668 955 ij.
690 849 761 931 vel
795 847 855 956 iij.
873 849 1099 956 trigesimae
1133 856 1244 927 atte-

201 995 439 1095 nuationis3
463 997 507 1077 in
534 998 693 1081 morbis
724 1011 867 1082 autem
887 991 1094 1084 diuturnis
1125 1008 1167 1077 et
1200 994 1244 1075 in

199 1145 440 1230 hominibus
460 1147 645 1233 robustis
667 1149 879 1258 vigesimae
904 1160 1064 1258 quarta²
1090 1158 1163 1229 aut
1182 1145 1243 1228 vi-

200 1296 371 1402 gesimae
390 1299 547 1406 prirnae.

255 1448 438 1530 Duratio
450 1484 458 1530 :
469 1449 602 1546 -Per
620 1463 706 1534 tres
725 1451 1017 1535 hebdomadas
1034 1462 1162 1557 atque
1179 1449 1245 1530 ul-

200 1611 279 1680 tra.

257 1748 1245 1884 Antid.--Opium‚Hyoscyamus,Vinum,Pul-

202 1900 353 1998 satilla,
389 1901 539 2009 Hepar
580 1903 815 2011 Sulphuris,
852 1902 1169 2012 Hydragyrum,
1203 1911 1246 1982 et

202 2051 360 2132 Coffea.
411 2049 654 2158 AEgritudo‚
667 2081 794 2163 quam
806 2053 1073 2135 Belladonna
1087 2052 1237 2160 gignit,

200 2200 340 2283 Aceto
356 2200 476 2312 pejor
494 2204 693 2286 redditur.
933 2179 937 2190 ⁸

256 2351 307 2433 In
336 2354 552 2437 veneficiis
571 2356 847 2438 Belladonnae
878 2382 960 2463 ope
990 2353 1245 2463 perpetratis

200 2502 409 2610 optimum
425 2515 506 2604 est,
527 2504 645 2613 larga
663 2505 726 2586 uti
737 2505 949 2587 Fabarum
969 2503 1247 2587 Arabicarum

200 2652 436 2761 potatione,
461 2680 545 2760 quo
576 2656 638 2757 fit,
661 2669 708 2772 ut
739 2683 949 2739 venenum
974 2657 1148 2752 vomitu,
1174 2657 1247 2766 qui

199 2802 371 2912 insuper
399 2804 573 2886 ciendus
600 2819 664 2888 est
689 2834 842 2915 pennae
866 2808 1080 2916 plumulis,
1103 2807 1241 2915 rejici-

201 2964 306 3035 atur.

407 3112 646 3179 BISMUTHI
678 3114 1037 3180 MAGISTERIUM.

485 3257 619 3336 Triginta
633 3260 845 3319 attenuationes
872 3242 956 3336 (X).

255 3388 381 3470 Solve
401 3387 445 3467 in
464 3387 566 3469 satis
584 3389 741 3492 magnai
753 3388 879 3470 Acidi
900 3388 1054 3473 Nitrioi
1074 3389 1242 3497 quanti-

197 3510 288 3619 tate
323 3535 594 3619 Bismuthum
632 3538 676 3618 in
713 3539 886 3645 pulvere
921 3541 1157 3642 redactum,
1201 3554 1244 3625 et

198 3690 308 3771 hane
325 3687 578 3770 solutionem
592 3689 719 3795 largae
736 3689 838 3771 satis
853 3691 1110 3773 multitudini
1125 3719 1245 3800 aquae

197 3865 327 3946 purae,
350 3866 443 3946 quae
463 3837 577 3918 illam
597 3839 876 3947 quinquagies
899 3841 969 3922 vel
993 3843 1154 3925 centies
1174 3871 1244 3924 su-

197 4000 334 4096 peret,
360 3986 561 4095 guttatim
578 3987 826 4071 instillatam
846 3989 959 4074 bene
984 3993 1110 4100 agita.
1172 3994 1245 4076 Sal

196 4140 278 4222 hac
290 4139 455 4224 ratione
466 4138 791 4248 praecipitatum,
806 4140 1006 4250 Oxydum
1020 4144 1244 4245 Bismuthi,
