3058 5040
533 410 892 467 ltonloeoenrulcn.
1181 374 1236 456 63

553 576 867 646 CASTOREUM.

505 708 677 816 (Castor
696 705 822 789 Fiber
840 703 913 806 L.)

479 867 613 946 Triginta
627 867 838 927 attenuationes
853 845 941 943 (X).

239 976 408 1087 Viginti
426 1005 558 1085 grana
580 976 773 1060 Castorei
786 976 828 1057 in
843 975 1061 1083 pulverem
1074 970 1238 1054 redacti

180 1126 225 1208 in
246 1129 568 1238 quadringentis
585 1127 762 1236 Spiritus
773 1124 873 1207 Vini
888 1121 1019 1231 guttis
1035 1122 1145 1203 intra
1163 1123 1239 1202 tri-

182 1279 318 1361 duum
335 1306 515 1362 macera.

240 1428 387 1537 Hujus
420 1428 613 1511 tincturae
651 1428 782 1534 guttis
827 1424 977 1534 viginti
1015 1422 1234 1532 octoginta

183 1591 331 1686 guttas
364 1579 465 1661 Vini
498 1577 678 1686 Spiritus
713 1575 862 1683 adjice.
928 1573 1028 1656 Hoc
1059 1573 1236 1681 primam

184 1729 409 1813 constituit
428 1729 774 1811 attenuationem.
834 1725 950 1807 Dein
979 1724 1034 1807 ad
1067 1722 1232 1831 trigesi-

184 1905 303 1960 mam
327 1879 452 1962 dilue.

241 2031 401 2112 Melius
414 2043 479 2113 est
490 2031 573 2111 hoc
585 2030 713 2110 modo
726 2029 865 2138 parari
881 2063 889 2111 :
913 2055 1044 2110 unum
1059 2055 1238 2136 granum

189 2208 290 2268 cum
309 2180 540 2287 nonaginta
555 2204 708 2261 novem
723 2178 922 2259 Sacehari
937 2177 1083 2260 Laetis
1097 2179 1238 2285 granis

186 2341 297 2430 tere,
319 2341 362 2410 et
382 2327 570 2425 modum,
594 2353 679 2432 quo
701 2325 755 2406 de
772 2324 1034 2432 antipsoricis
1048 2351 1237 2435 praecep-

188 2489 285 2560 tum
304 2488 384 2576 est,
407 2501 598 2583 sequere.

248 2610 378 2691 Dosis
396 2608 590 2690 z-Glob.
611 2609 654 2718 ij.
683 2611 752 2693 vel
781 2607 837 2715 iij.
872 2609 1097 2717 trigesimae
1128 2623 1237 2693 atte-

188 2759 415 2843 nuationis.

572 2893 864 2960 CAUSTICUM.

487 3031 621 3109 Triginta
630 3033 843 3091 attenuationes
859 3012 942 3107 (X).

251 3158 366 3240 Huic
401 3158 507 3240 Calx
545 3157 673 3240 debet
706 3158 952 3266 qualitatem
994 3157 1238 3258 causticam,

196 3309 313 3416 quod
348 3307 504 3389 indicia
531 3307 827 3389 Chemicorum
858 3307 1019 3414 effugit.
1078 3307 1243 3390 Destil-

192 3457 321 3538 lando
341 3457 384 3537 in
401 3455 484 3536 hoc
506 3457 634 3536 modo
653 3456 882 3540 obtinetur.

251 3607 413 3714 Recipe
446 3606 553 3686 duas
586 3606 731 3690 uncias
767 3609 905 3692 Calais
941 3611 986 3692 in
1026 3612 1243 3719 pulverem

196 3757 407 3854 redactae,
452 3755 588 3861 (quod
613 3757 668 3837 .fit
699 3757 800 3839 dum
830 3785 907 3866 per
937 3759 1243 3867 sexagesimam

195 3908 310 3986 horae
316 3916 481 4013 partem
495 3905 539 3985 in
554 3905 919 4014 AquaDestillata
933 3907 1192 4014 immergitur
1205 3908 1242 4016 z)

197 4053 410 4160 etiamque
433 4053 538 4135 duas
559 4054 901 4164 Supersulphatis
920 4057 1108 4137 Potassae
1127 4056 1244 4137 unci·

196 4231 258 4303 as,
283 4203 403 4312 (quae
424 4214 552 4285 antea
570 4204 814 4301 fervefacta,
843 4206 1090 4311 liquefacta,
1113 4205 1241 4313 frige-
