3058 5040
533 411 892 466 nonmoearfflca.
1185 394 1240 476 79

158 617 200 696 ζ»
250 571 596 660 Antia—Morbi
624 578 824 676 diutumi‚
860 603 970 684 quos
997 576 1112 658 Ferri
1138 605 1239 661 usus

194 722 458 824 provocavit,
487 727 641 833 partim
674 729 846 834 Hepate
876 725 1111 833 Sulphuris,
1141 755 1238 836 par·

195 865 273 946 tim
293 867 516 954 Pulsatilla
543 886 754 956 curantur.
816 875 999 982 Hepatis
1021 875 1239 983 Sulphuris

195 1031 347 1123 quarta
367 1023 600 1106 attenuatio
613 1024 681 1106 vel
701 1023 879 1132 septima
897 1023 964 1104 bis
982 1024 1052 1106 vel
1070 1035 1136 1106 ter
1150 1026 1240 1108 dari

194 1167 317 1250 solet.
1188 1181 1190 1187 ’

583 1345 716 1409 FILIX
740 1344 850 1409 MAS.

195 1481 449 1591 (Aspidium
472 1485 582 1566 Filix
612 1485 710 1567 Mas
733 1484 909 1592 Spreng.
931 1482 1076 1568 Willd.
1109 1487 1235 1597 Poly-

390 1742 393 1748 ·
457 1634 632 1741 podium
650 1633 758 1713 Filix
779 1632 877 1713 Mas
895 1633 973 1742 L.)

487 1801 601 1860 Novem
615 1802 827 1859 attenuationes
843 1783 953 1878 (ΠΙ).

251 1921 406 2017 Sumo,
430 1921 530 2000 dum
553 1892 797 2026 exprimitur
817 1948 841 2002 e
860 1923 1024 2028 planta,
1054 1937 1101 2006 ut
1128 1939 1239 2007 atte-

190 2081 362 2167 nuetur,
387 2068 565 2175 Spiritus
584 2068 686 2149 Vini
710 2069 908 2151 adfunde.
968 2069 1110 2178 Hujus
1130 2073 1239 2154 tino-

190 2229 298 2299 turae
332 2217 387 2297 ad
425 2216 658 2324 parandam
697 2216 874 2323 primam
904 2220 1238 2302 attenuationem

188 2376 336 2472 guttas
349 2376 435 2446 tres
449 2364 623 2458 adhibe;
644 2363 741 2444 dein
758 2363 812 2444 ad
825 2363 1073 2447 dilutionem
1080 2395 1237 2450 nonam

192 2513 372 2619 explica.

252 2661 392 2743 Dos:
417 2659 546 2741 Glob.
564 2658 607 2767 ij.
625 2659 693 2743 vel
708 2658 767 2768 iij.
786 2687 908 2741 nonae
921 2664 1235 2745 attenuationis.

571 2924 866 2989 GRAPHITES.

578 3067 864 3175 (Plumbago.)

491 3251 624 3330 Triginta
638 3249 851 3307 attenuationes
865 3231 948 3324 (X).

189 3421 193 3426 ·
248 3374 310 3454 Ut
344 3372 573 3480 Graphites
606 3395 713 3476 pura
748 3367 817 3466 sit,
860 3366 973 3447 dulci
1011 3369 1123 3474 aqua
1159 3395 1238 3475 per

191 3524 341 3604 horam
366 3549 493 3603 unam
521 3546 677 3626 eoque:
721 3531 813 3598 tum
838 3519 951 3624 aqua
976 3517 1126 3599 defusa
1146 3522 1238 3627 pari

183 3675 318 3758 -Aeidi
336 3672 552 3754 Muriatioi
581 3681 623 3752 et
643 3669 796 3751 Nitn'oi
820 3671 1057 3777 quantitate
1083 3682 1126 3752 et
1156 3672 1233 3752 du-

191 3823 298 3904 abus
318 3849 438 3927 aquae
458 3819 594 3900 duleis
612 3818 804 3926 partibus
825 3845 1007 3917 macera,
1027 3846 1142 3926 saepe
1160 3847 1237 3927 per

191 3972 317 4052 horas
344 3969 493 4075 viginti
522 3979 703 4075 quatuor
721 3994 909 4058 movens,
968 3968 1080 4048 Tum
1099 3969 1237 4076 liquo-

190 4145 280 4200 rem
300 4117 496 4210 defunde,
517 4128 561 4198 et
580 4115 690 4197 bene
709 4115 896 4196 lavatum
916 4115 1040 4206 siooa.
