3084 5040
539 406 892 462 uontnoan‘nncn.
1195 377 1245 460 19

200 568 409 655 cutiendae
430 584 542 675 sunt,
567 574 775 683 optimum
802 585 881 674 est,
913 573 1020 660 tales
1041 566 1242 674 deligere,

199 745 294 825 quae
314 732 485 803 centum
503 722 634 829 guttis
650 723 949 806 medicamenti
965 717 1173 804 attenuati
1189 715 1242 798 ad

197 867 302 952 duas
322 881 488 952 tantum
507 871 653 956 tertias
671 886 815 982 partes
834 854 1088 983 repleantur.

251 1024 474 1124 Remedia,
499 1055 595 1134 quae
615 1055 640 1110 a
658 1029 815 1136 plantis
833 1057 920 1112 non
935 1030 1015 1112 nisi
1030 1027 1143 1110 sicca
1163 1024 1240 1106 ob-

196 1175 399 1275 tinentur,
409 1203 446 1258 e.
458 1205 520 1285 gr.
531 1178 744 1262 Corticem
753 1179 916 1279 Chinae,
931 1179 1137 1262 Radicem
1147 1176 1239 1283 Ipe·

197 1328 424 1412 cucuanhae
443 1340 486 1411 et
505 1328 571 1412 his
589 1329 755 1430 similia,
787 1331 914 1412 modo
940 1327 1237 1424 remediorum,

195 1506 289 1586 quae
308 1480 580 1589 Antipsorica
598 1495 819 1581 vocantur,
846 1493 995 1591 parata
1013 1490 1142 1586 atque
1159 1503 1238 1584 pa-

194 1629 296 1711 riter
325 1628 369 1711 in
398 1631 616 1740 pulverem
651 1632 792 1714 decies
825 1631 985 1714 centies
1006 1629 1145 1710 milies
1162 1653 1237 1709 ex·

193 1786 398 1894 plicatum
416 1789 591 1871 redacta
620 1790 733 1897 aqud
763 1800 807 1870 et
839 1786 986 1894 spiritu
1019 1784 1104 1868 vini
1133 1781 1239 1866 solvi

193 1949 389 2045 possunt,
422 1939 579 2047 quippe
601 1965 698 2021 cum
725 1939 806 2020 hac
835 1938 1143 2047 praeparatione
1163 1932 1239 2016 ad-

195 2087 345 2188 hibita,
369 2088 495 2172 salvis
516 2088 681 2172 illarum
695 2089 853 2172 viribus
873 2086 1064 2188 medicis,
1088 2085 1238 2169 melius

193 2250 238 2320 et
258 2240 425 2347 longius
444 2240 684 2323 conservari
701 2239 881 2349 possint,
897 2265 1025 2347 quam
1044 2237 1238 2318 tincturae

195 2386 446 2495 spirituosae,
469 2417 564 2497 quae
585 2389 709 2472 facile
731 2401 1066 2498 conumpuntur.

324 2680 382 2734 DE
403 2681 698 2736 REMEDIORUM
722 2683 1104 2738 DENOMINATIONE.

250 2841 377 2937 Succi
394 2854 588 2925 recentes
608 2845 771 2952 spiritui
802 2844 888 2930 vini
907 2845 1046 2927 adfusi
1074 2872 1230 2926 vocan-

190 3004 260 3075 tur
277 2993 473 3078 tincturae
508 3007 793 3081 concentratae
818 2997 890 3082 ¹vel
918 2997 1065 3094 fortes,
1089 2994 1235 3078 addito

190 3145 259 3227 die
297 3171 383 3251 qno
425 3154 585 3252 paratae
626 3157 747 3239 sunt;
798 3146 833 3230 si
883 3144 967 3226 sint
1009 3141 1232 3240 attenuati,

190 3293 436 3403 simpliciter
468 3305 669 3376 notantur
698 3295 905 3392 tincturae,
937 3319 1034 3374 cum
1063 3291 1234 3376 nomine

188 3442 489 3526 medicamenti
508 3455 551 3525 et
571 3469 748 3526 numero
768 3442 1082 3527 attenuationis.

259 3595 393 3676 Juxta
419 3593 718 3678 medicamenti
744 3619 900 3676 nomen
931 3591 1232 3679 attenuationis

189 3771 388 3828 numerus
409 3745 632 3852 ponendus
652 3756 731 3840 est,
757 3744 841 3828 hoc
861 3744 1003 3827 modo,
1074 3743 1229 3832 Cente-

129 3871 132 3874 ¹
189 3894 305 3977 simae
341 3904 384 3976 et
418 3892 649 3977 millesimae
681 3894 993 3979 attenuationes
1027 3907 1124 3980 sunt
1154 3923 1233 3978 no-

71 4114 74 4122 .
188 4043 332 4128 tandae
353 4040 548 4127 Arabicis
567 4069 837 4128 numerorum
857 4045 1001 4152 signis,
1022 4045 1229 4129 millione·

190 4195 308 4278 simae
324 4206 467 4278 autem
475 4195 695 4296 Romanis,
706 4222 812 4304 agr.
827 4196 1118 4286 Belladonnar
1138 4195 1237 4303 (pri-

668 4375 691 4426 c
722 4355 746 4426 2
