3058 5040
231 505 234 510 Ι
308 403 364 486 90
659 419 1010 478 nnnnmncocmm

309 587 509 684 §acchan‘
522 587 670 671 Laetis
687 588 829 696 granis
845 599 890 671 et
909 598 1084 670 attenua
1101 586 1230 668 modo
1251 613 1353 669 con·

308 728 430 819 sueto
449 737 606 848 Spiritu
618 737 719 820 Vini
738 737 799 840 ad¹
812 737 1073 845 trigesimam
1092 734 1352 818 dilutionem.

361 885 494 970 Dosis
508 886 707 969 :-Glob.
728 887 773 998 ij.
791 885 1018 995 tcigesimae
1037 886 1339 969 attenuationis

579 1161 807 1228 LACTUCA
829 1158 1011 1228 VIROSA
1037 1160 1077 1225 L.

426 1349 427 1352 ¹
570 1328 736 1388 Duodecim
750 1329 963 1388 attenuationes
985 1310 1088 1405 (lV).

360 1484 584 1568 Mensibus
618 1485 765 1585 Junio‚
799 1484 917 1568 Julio
947 1497 990 1568 et
1016 1485 1229 1593 Augusto,
1252 1484 1356 1567 dum

305 1636 444 1734 floret,
466 1635 705 1746 colligenda
726 1645 804 1717 est.
895 1759 901 1764 “

361 1786 543 1867 Sucoum
563 1811 587 1866 e
605 1785 699 1867 tota
717 1785 866 1892 planta
884 1783 1088 1894 expiime‚
1107 1797 1150 1867 et
1171 1785 1226 1866 ad
1247 1783 1354 1867 duo-

305 1933 514 2020 decimam
533 1935 869 2017 attenuationem
889 1934 1015 2016 dilue.

359 2066 652 2152 Dos.-Glob.
682 2067 726 2175 ij.
749 2067 1011 2151 duodecimae
1035 2069 1349 2153 attenuationis.

598 2357 798 2426 LAMIUM
820 2357 995 2425 ALBUM
1019 2359 1059 2424 Lu

357 2535 539 2621 Succum
560 2566 584 2621 e
602 2542 697 2623 tota
716 2540 864 2650 planta
883 2566 1129 2649 expressum
1146 2541 1238 2650 pari
1261 2542 1352 2652 Spi-

302 2689 408 2772 ritus
425 2687 527 2772 Vini
546 2689 784 2798 quantitate
804 2689 1043 2771 commisce.

565 2963 743 3030 LEDUM
767 2962 1024 3029 PALUSTRE
1048 2964 1089 3032 L.

575 3127 752 3196 Quindecim
765 3126 977 3188 attenuationea
996 3112 1074 3208 (V).

356 3282 524 3365 Ledum
537 3279 733 3364 Palustre
746 3277 950 3361 siccatum
963 3280 1134 3382 adhibe,
1150 3294 1194 3366 et
1207 3283 1350 3367 statim

301 3431 346 3514 in
364 3430 583 3542 pulverem
599 3428 821 3511 redactum
851 3454 948 3510 cum
979 3429 1128 3537 viginti
1157 3432 1350 3542 partibus

302 3581 540 3692 (pondere)
578 3577 757 3687 Spin'tus
789 3549 890 3659 Vini
924 3577 1088 3661 misce:
1137 3581 1236 3663 dein
1271 3610 1350 3691 per

302 3743 401 3815 octo
430 3728 521 3812 dies
555 3754 731 3837 sepone,
754 3737 797 3808 et
832 3726 887 3807 ad
918 3727 1109 3834 quintam
1140 3729 1348 3814 decimam

299 3880 635 3966 attenuationem
658 3878 784 3959 dilue.

354 4029 485 4113 Dosis
501 4026 700 4112 t—Glob.
737 4027 765 4108 i.
799 4026 867 4110 vel
899 4027 944 4137 ij.
980 4029 1155 4113 decimae
1189 4033 1347 4139 quintae

297 4180 613 4269 attenuationis.
