3084 5040
279 354 335 437 26
629 381 977 437 rnnamncocmrn

335 548 533 631 Sacchari
552 550 674 632 lactis
693 562 876 648 tantum,
894 544 1233 657 quantumlibet,
1249 545 1323 625 ad·

269 698 505 808 jiciendum
536 713 617 799 est,
656 698 700 781 in
733 702 819 808 qud
849 712 993 782 tamen
1023 726 1068 780 re
1100 706 1326 805 sequentes

278 851 434 957 regulae
453 849 666 933 observari
687 850 870 933 debent:
916 850 1101 931 Primum
1128 845 1327 954 quoniam

279 999 479 1082 saccharo
499 1001 621 1083 lactis
641 1001 919 1110 excipiuntur,
947 1028 1034 1082 non
1055 1007 1328 1081 attenuantur

277 1150 477 1252 remedia,
509 1152 880 1250 medicamentum,
916 1150 1126 1260 praecipue
1151 1147 1187 1230 si
1206 1148 1327 1256 plura

277 1327 409 1408 grana
428 1300 629 1382 adhibere
648 1301 693 1383 in
713 1302 854 1383 animo
879 1314 960 1401 est,
994 1327 1049 1382 ne
1070 1298 1161 1406 ejus
1181 1301 1322 1380 effica-

278 1448 383 1531 citas
402 1462 580 1547 coescat,
609 1477 695 1531 non
713 1450 883 1559 penitus
913 1479 1010 1532 cum
1029 1449 1233 1532 succharo
1253 1447 1325 1529 illo

278 1600 524 1698 conteritur,
554 1599 629 1681 sed
652 1599 790 1683 obiter
808 1613 976 1683 tantum
996 1600 1036 1681 ei
1055 1600 1321 1681 admiscetur.

279 1750 388 1831 Cum
425 1774 527 1832 vero
564 1751 686 1831 multi
724 1751 870 1858 aegroti
906 1749 1108 1857 majorem
1152 1748 1327 1831 remedii

278 1900 561 2008 quantitatem
598 1914 757 2001 ament,
793 1901 954 1983 bonum
992 1913 1073 2000 est,
1106 1903 1201 2009 plus
1239 1925 1326 1982 uno

228 2109 231 2116 -
279 2050 468 2158 sacchan'
486 2077 618 2157 grano
646 2050 859 2132 adhibere.
922 2051 996 2131 Sin
1027 2062 1169 2132 autem
1190 2078 1323 2156 aegro·

277 2211 347 2282 tus
367 2201 437 2282 vel
454 2202 568 2281 mala
586 2200 820 2310 pertinacia
834 2203 903 2284 vel
924 2202 1125 2309 singulari
1140 2202 1326 2309 quodam

277 2350 446 2432 fastidio
465 2351 822 2432 medicamentum
853 2351 897 2430 in
926 2351 1144 2459 pulverem
1174 2350 1321 2432 redac-

276 2514 369 2585 tum
387 2504 513 2610 plane
532 2514 720 2609 respuat,
737 2501 989 2586 dissolvatur
1004 2503 1047 2583 in
1061 2506 1194 2610 parva
1205 2530 1326 2611 aquae

279 2652 502 2733 destillatae
521 2651 757 2757 quantitate
777 2663 820 2732 et
846 2652 890 2733 iu
910 2652 1086 2733 haustus
1103 2654 1240 2733 fonnd
1259 2677 1323 2733 ca-

277 2800 429 2910 piatur.
461 2799 670 2880 Remedia
685 2799 853 2900 deinde,
874 2830 967 2910 quae
981 2803 1178 2884 facillime
1191 2804 1235 2884 in
1253 2831 1325 2886 va-

278 2980 403 3063 pores
424 2951 682 3051 dilabuntur,
710 2952 774 3033 uti
796 2951 1060 3053 Cnrrruoan,
1095 2955 1320 3054 Moscnus,

279 3105 463 3187 Acmon
485 3104 888 3202 Hunnocramcun,
907 3116 949 3185 et
963 3132 1056 3211 quae
1070 3104 1135 3185 his
1151 3116 1247 3186 sunt
1267 3105 1321 3187 si·

277 3255 408 3355 milia,
442 3255 571 3363 paulo
593 3267 821 3361 antequam
841 3267 1076 3354 sumuntur,
1110 3256 1326 3337 miscenda

279 3418 392 3504 sunt,
415 3409 510 3486 cum
528 3431 605 3513 per
625 3405 790 3510 longius
817 3417 985 3511 tempus
1011 3407 1198 3513 reposita
1215 3407 1325 3489 vires

280 3583 378 3639 suas
398 3555 594 3664 perdant,
626 3554 712 3635 imo
740 3556 866 3663 plane
899 3555 1081 3637 avolent.
1141 3556 1241 3653 Qua
1271 3558 1324 3638 de

278 3734 323 3790 re
341 3718 480 3790 ratum
500 3732 594 3789 esse
628 3704 811 3807 ducitur,
839 3704 930 3786 haec
950 3733 1120 3814 quoque
1139 3707 1326 3789 remedia

280 3856 433 3940 additis
453 3856 614 3966 aliquot
649 3882 769 3963 aquae
798 3856 1022 3938 destillatae
1050 3857 1182 3964 guttis
1201 3857 1244 3937 in
1263 3859 1326 3938 la-

278 4009 435 4116 genuld
450 4007 561 4089 bene
582 4007 726 4088 clausd
739 4006 985 4106 recondere,
1011 4034 1096 4113 quo
1109 4006 1147 4114 ej
1154 4036 1203 4089 us
1215 4008 1323 4091 vires

278 4163 565 4242 coerceantur.
628 4155 864 4265 Siquando
884 4158 1034 4240 cedere
1062 4185 1239 4240 necesse
1270 4158 1324 4241 sit
