3084 5040
253 334 296 408 *8
618 354 973 413 runrruncororra

270 521 374 608 tutis
393 533 552 632 paratae
574 550 749 607 necesse
769 535 851 624 est,
872 534 920 606 ut
949 519 1117 603 medica
1133 518 1177 602 vi
1196 515 1315 600 diffe-

270 684 379 755 rant.
439 674 500 758 Ut
527 702 672 757 omues
694 674 805 758 vires
825 701 848 756 e
869 671 1116 783 corporibus
1141 667 1315 764 medicis

272 823 504 924 eliciantur,
556 826 705 936 spiritu
750 825 836 911 vini
883 824 952 906 90ο
985 823 1189 906 utendum
1236 829 1314 903 est.

273 975 457 1073 Quando
477 1005 577 1063 vero
598 979 890 1060 attenuatione
910 1003 1018 1086 opus
1039 986 1121 1074 est,
1146 970 1317 1081 spiritus

271 1126 514 1214 variminus
534 1128 654 1211 fortis
682 1127 873 1212 adhiberi
900 1138 1060 1237 potest,
1093 1152 1189 1207 curn
1208 1123 1317 1207 vires

266 1276 360 1386 jam
378 1293 634 1388 comparatae
663 1279 901 1366 minuendae
919 1290 1087 1362 tanturn
1107 1277 1190 1360 sint
1205 1310 1215 1375 3
1249 1274 1318 1356 hic

274 1429 384 1552 enim
405 1458 491 1515 nou
510 1430 590 1512 nisi
609 1458 660 1513 eo
681 1433 764 1512 fine
786 1428 1012 1512 adhibetur
1026 1427 1196 1536 spiritus
1215 1424 1316 1526 vini,

272 1591 320 1664 ut
352 1581 664 1665 medicamenta
698 1595 847 1665 contra
879 1580 1192 1690 corruptionem
1226 1602 1315 1660 ser-

271 1745 435 1816 ventur.

328 1884 389 1968 Ut
401 1888 881 1996 medicamentaparata,
892 1881 1315 1993 eaquepotissimum,
1427 1868 1436 1882 '
1522 1859 1523 1888 ³

275 2062 454 2144 quorum
468 2038 782 2124 attenuationes
793 2038 940 2148 primae
952 2035 1172 2145 pulverum
1183 2030 1320 2112 forma

275 2202 563 2293 asservantur,¹
593 2191 676 2274 sint
697 2189 860 2274 sincera
893 2195 1021 2313 atqu'e
1050 2212 1169 2296 pura,
1199 2180 1317 2267 vehi-

275 2339 371 2422 culo
390 2340 536 2423 itidem
557 2369 665 2450 puro
686 2368 794 2450 opus
809 2353 887 2424 est.
950 2338 1208 2421 Saccharum
1226 2336 1316 2416 lac-

220 2484 222 2486 ’
273 2488 345 2589 tis,
365 2492 504 2598 quale
533 2504 700 2601 prostat
731 2493 774 2573 in
806 2492 1000 2592 officinis,
1038 2490 1195 2600 quippe
1220 2514 1317 2597 per-

274 2668 387 2752 saepe
403 2640 448 2723 in
465 2641 677 2724 mortariis
707 2643 870 2744 ferreis,
903 2641 989 2724 imo
1023 2668 1077 2724 ex
1106 2640 1319 2730 orichalco

271 2790 531 2892 fabrefactis,
549 2819 636 2874 non
651 2794 753 2876 satis
766 2803 891 2876 caute
907 2805 1132 2875 contusum
1145 2802 1188 2874 et
1201 2819 1319 2874 com·

273 2944 496 3043 minutum,
516 2943 631 3027 haud
650 2945 819 3028 evenire
848 2956 1011 3054 potest,
1041 2944 1144 3052 quin
1164 2943 1218 3026 sit
1237 2944 1316 3024 im-

272 3123 441 3209 purum,
479 3094 550 3180 vel
579 3094 724 3179 herbis
755 3096 800 3178 in
829 3095 985 3179 vicinia
1013 3095 1163 3205 positis
1202 3095 1319 3180 vario

273 3251 404 3334 odore
418 3249 758 3358 impraegnatum,
775 3251 959 3358 ideoque
973 3249 1148 3331 medicis
1161 3249 1321 3334 viribus

271 3401 537 3484 instructum.

330 3552 430 3638 Hoc
448 3550 618 3659 quidem
637 3580 723 3636 non
743 3553 847 3637 levis
865 3554 1069 3636 momenti
1096 3567 1178 3656 est,
1198 3555 1317 3638 inde·

274 3731 357 3814 que
373 3702 504 3786 minu·
514 3703 745 3786 necessitas
758 3704 1021 3815 explorandi,
1033 3734 1133 3788 num
1146 3707 1321 3788 saccha-

273 3885 366 3940 runr
386 3856 525 3955 lactis,
548 3857 664 3965 quod
684 3857 921 3956 adhibetur,
947 3887 1101 3968 purum
1120 3859 1187 3942 sit.
1249 3860 1321 3942 In-

272 4010 438 4092 terdum
457 4008 556 4092 huic
572 4010 791 4112 sacchar0,
812 4010 856 4092 in
871 4012 983 4094 vasis
998 4013 1165 4123 cupreis
1177 4025 1317 4110 cocto,

262 4159 391 4268 -cupri
419 4156 636 4268 particulae
667 4159 824 4258 insunt,
857 4190 953 4270 quae
982 4165 1144 4273 optime
1174 4165 1319 4272 detegi
