3058 5040
287 353 343 434 64
387 367 391 379 ‘
640 387 985 442 rnnrrnacoeonn

288 549 416 649 facta,
432 561 474 631 et
494 550 538 630 in
556 554 773 658 pulverem
797 556 971 636 redacta
987 553 1084 661 sit,)
1105 553 1149 632 in
1167 551 1333 634 duabus

285 698 420 779 unciis
447 727 568 806 aquae
592 704 792 786 ferventis
812 707 998 803 solutas3
1031 704 1129 785 huic
1162 703 1332 784 Calcem

285 846 329 926 in
366 849 582 955 pulverem
621 855 837 936 redactam
874 856 1021 953 misce,
1061 878 1332 959 crassamque

284 997 510 1079 mixturam
550 1028 710 1110 repone
756 1002 799 1082 in
835 1004 966 1110 parva
1002 1002 1137 1083 vitrea
1172 999 1334 1081 retorti

286 1147 459 1229 dimidia
497 1162 619 1258 parte
659 1151 702 1232 in
741 1153 852 1259 aqua
889 1152 1099 1233 immersa.
1156 1151 1332 1232 Leniter

284 1299 467 1401 destilla,
490 1301 587 1408 igne
609 1314 827 1384 crescente
858 1304 994 1384 donec
1025 1312 1212 1383 transeat
1236 1326 1327 1380 om-

284 1449 366 1530 nis'
385 1448 536 1557 liquor.
596 1451 792 1533 Fluidum
830 1452 891 1535 ita
923 1465 1118 1561 paratum
1153 1448 1333 1555 (circiter

284 1599 410 1680 uncia
453 1628 549 1682 cum
588 1602 774 1705 semisse)
815 1602 923 1686 sicut
963 1629 1074 1710 aqua
1110 1600 1331 1709 limpidum

283 1760 350 1830 cst
395 1761 438 1830 et
487 1750 732 1833 Causticum
778 1753 823 1832 in
868 1753 1005 1833 forma
1054 1749 1329 1833 concentrata

283 1905 497 1988 continet:
546 1910 633 1990 olet
664 1920 712 1990 ut
752 1910 955 2010 lixivium,
988 1885 1160 2017 gustum
1192 1934 1332 1989 acrem

281 2043 427 2158 habet,
448 2069 493 2140 et
512 2085 686 2141 sensum
720 2058 939 2141 ardentem
965 2059 1009 2140 in
1035 2070 1205 2167 gutture
1224 2085 1330 2165 prae-

281 2206 369 2290 bet.
429 2208 644 2291 Minorem
674 2210 824 2291 caloris
854 2209 1032 2315 gradum
1059 2235 1187 2314 quam
1219 2232 1330 2312 aqua

281 2360 470 2466 postulat
488 2370 535 2439 ut
554 2359 684 2467 gelet,
713 2370 755 2453 et
774 2359 1130 2466 putrefactionem
1144 2351 1329 2438 materiae

283 2507 473 2589 animalis
492 2521 705 2616 properat.

342 2658 387 2738 Si
405 2657 566 2742 Murius
584 2660 754 2769 Barytae
775 2660 1011 2768 adjiciatur,
1028 2660 1191 2740 nullum
1204 2655 1330 2738 Acidi

285 2808 524 2916 Sulphurici
541 2808 764 2916 vestigium
790 2821 854 2892 est
873 2845 884 2908 3
918 2809 953 2890 si
973 2807 1136 2888 Murias
1154 2807 1329 2887 Ammo-

283 2958 378 3057 niae,
401 2984 487 3039 non
508 2956 678 3073 Calcem
698 2957 895 3040 demittit.

340 3109 529 3188 Granum
550 3134 680 3188 unum
697 3106 824 3213 hujus
843 3107 1035 3190 mixturae
1064 3135 1161 3188 cum
1190 3131 1324 3188 nona·

282 3260 412 3368 ginta.
432 3285 585 3340 novem
615 3257 793 3364 Spiritus
824 3257 924 3338 Vini
953 3256 1085 3366 guttis
1112 3255 1257 3355 misce,
1284 3265 1327 3336 et

284 3410 338 3492 ad
356 3408 615 3515 trigesimam
636 3406 968 3489 attenuationem
994 3432 1129 3512 usque
1150 3403 1326 3512 explica.

338 3558 470 3640 Dosis
488 3556 680 3638 :-Glob.
717 3557 742 3635 i.
780 3567 851 3638 aut
886 3555 927 3665 ij
960 3555 1185 3664 trigesimae
1219 3566 1327 3636 atte-

283 3707 508 3790 nuationis.

338 3857 521 3939 Duratio
539 3857 923 3964 :-Quinquaginta
937 3868 1009 3938 aut
1027 3858 1169 3965 plures
1189 3856 1292 3937 dies.

340 4007 660 4088 Antid.-Od0r
681 4006 861 4116 Spiritus
884 4006 1070 4088 AEtheris
1088 4004 1255 4106 Nitrici‚
1284 4016 1328 4086 et

281 4158 484 4240 Tinctura
504 4156 674 4237 Coffeae.
