3058 5040
516 425 876 480 HOMOEOPATHICA.
1127 386 1131 397 ’
1159 385 1213 468 65

515 629 860 698 CHAMOMILLA.

354 776 626 885 (Matricaria
649 777 927 861 Chamomilla
952 774 1031 884 L.)

438 959 602 1020 Duodecim
616 962 828 1020 attenuationes
849 941 947 1037 (IV).

225 1102 268 1182 A
290 1131 436 1186 mense
461 1108 491 1190 J
492 1106 592 1187 unio
620 1105 674 1187 ad
702 1103 943 1212 Augustum
977 1083 1216 1208 colligenda

170 1251 249 1323 est.
299 1243 453 1327 Totam
467 1249 657 1354 plantam
671 1246 841 1342 adhibe,
860 1259 903 1328 et
920 1244 1102 1328 eundem
1121 1268 1214 1323 mo·

137 1495 141 1506 ¹
171 1392 291 1494 dum,
316 1396 478 1502 quode
506 1396 662 1507 plantis
687 1393 928 1478 recentibus
958 1402 1218 1503 praeceptum
1246 1384 1251 1395 “

173 1554 255 1639 est,
278 1570 465 1651 sequere.

229 1691 530 1774 Dos—Glob.
551 1692 595 1801 ij.
618 1692 878 1775 duodecimae
903 1690 1217 1775 attenuationis.

229 1840 415 1924 Duratio
429 1842 572 1923 :-Per
591 1842 751 1949 aliquot
768 1841 871 1923 dies,

231 1990 604 2090 Antid.-Coffes,
638 1989 817 2097 Ignatia,
838 1990 1058 2073 Pulsatilla
1091 2001 1219 2096 atque

175 2140 421 2223 Aeonitum.

396 2375 747 2442 CHELIDONIUM
777 2375 935 2442 MAJUS
967 2375 1006 2439 L.

235 2509 420 2592 Succum
446 2533 470 2589 e
503 2508 644 2590 radice
674 2537 824 2592 recens
857 2535 1103 2617 expressum
1131 2507 1223 2617 pari

176 2656 417 2765 quantitate
439 2654 618 2764 Spiritus
636 2656 739 2738 Vini
756 2657 899 2739 misce.

235 2805 367 2889 Dosis
387 2806 587 2888 z—Gutta
606 2833 692 2891 uua
710 2807 903 2890 tincturae
924 2817 1219 2889 concentratae.

618 3040 782 3105 CHINA.

409 3180 654 3289 (Cinchona
674 3179 894 3262 officinalis
913 3178 992 3288 L.)

464 3379 601 3457 Triginta
610 3380 826 3440 attenuationes
855 3362 935 3457 (X).

208 3502 456 3630 'Utendum
482 3559 546 3628 est
576 3574 663 3629 non
690 3547 825 3628 solum
855 3550 1027 3651 cortice,
1061 3579 1154 3658 quae
1180 3555 1225 3636 in

179 3708 331 3780 tenues
346 3697 473 3778 tubos
490 3696 717 3777 convoluta
728 3708 808 3795 est,
827 3698 902 3779 sed
916 3699 1044 3779 etiam
1055 3700 1225 3784 Cortice

181 3844 326 3926 Chinae
341 3844 491 3953 Regia.
524 3843 762 3951 Utrumque
774 3846 818 3926 in
832 3848 1048 3954 pulverem
1063 3851 1223 3958 redige,

180 4006 309 4100 atque
349 3993 501 4074 eodem
543 3992 687 4089 mod0,
726 3993 790 4074 uti
831 3995 994 4102 reliqua
1041 3999 1226 4080 remedia

182 4141 307 4238 sicca,
327 4152 476 4223 tracta.

702 4319 724 4370 F
