3084 5040
559 383 944 442 uoumornrmcn.
1209 367 1265 451 47

275 541 457 624 Succum
486 545 782 630 Aristolochiae
828 575 977 632 recens
1017 576 1266 660 expressum

217 688 389 791 adhibe,
413 703 457 774 et
477 695 661 777 eundem
678 697 869 799 modum,
891 725 976 806 quo
1001 700 1055 783 de
1082 702 1262 786 recenti-

214 836 297 920 bus
316 838 474 948 plantis
493 857 754 954 praeceptum
772 859 853 949 est,
878 875 1055 956 sequere
1075 863 1119 933 et
1139 879 1266 934 unam

216 989 552 1073 attenuationem
570 1019 685 1101 para.

584 1213 891 1282 ARMORACIA.

434 1353 699 1456 (Cochlearia
716 1355 964 1440 Armoracia
983 1357 1051 1459 L.)

268 1507 453 1591 Easdem
476 1511 645 1619 regulas
672 1539 850 1621 sequere
869 1526 916 1596 ut
943 1514 997 1596 de
1022 1517 1266 1601 recentibus

213 1657 442 1765 plantibus.

271 1805 502 1917 Utriusque
530 1811 829 1893 medicamenti
856 1811 900 1892 in
931 1837 1083 1919 corpus
1099 1839 1263 1928 'sanum

212 1955 323 2039 vires
340 1960 530 2041 nondum
549 1960 651 2042 satis
672 1972 769 2042 sunt
790 1959 1031 2067 exploratae.

472 2183 660 2250 ARNICA
683 2182 933 2250 MONTANA
957 2184 997 2251 L.

543 2327 603 2386 Sex
618 2329 829 2390 attenuationes
843 2309 931 2405 (ll).

271 2468 322 2550 In
362 2468 478 2578 jugis
516 2468 725 2550 montium
760 2470 897 2577 planis
935 2469 1045 2552 inter
1081 2469 1267 2580 virgulta

215 2616 377 2701 crescit.
427 2618 501 2699 Eae
514 2618 679 2700 radices
698 2617 951 2704 adhibentur
966 2647 1061 2730 quae
1074 2619 1263 2702 crassitie

216 2767 293 2847 sua
308 2767 364 2850 ad
381 2794 534 2875 pennae
545 2766 684 2849 tenuis
704 2766 1019 2880 similitudinem
1038 2769 1260 2851 accedunt.

271 2914 476 2999 Radicem
486 2917 530 2998 iu
542 2917 759 3024 pulverem
774 2916 990 2998 redactam
1005 2918 1158 3001 eodem
1171 2946 1262 3000 mo.-

215 3067 288 3168 do,
304 3095 389 3176 quo
408 3068 461 3150 de
477 3067 721 3150 recentibus
735 3067 891 3176 plantis
903 3078 1164 3175 praeceptum
1179 3081 1260 3170 est,

213 3243 330 3326 para.
363 3217 683 3325 Quinquaginta
698 3242 829 3324 grana
842 3243 939 3316 cum
952 3216 1067 3297 mille
1082 3213 1262 3324 Spiritus

214 3366 316 3448 Vini
330 3366 461 3478 guttis
480 3366 610 3450 misce
630 3377 672 3448 et
692 3390 769 3474 per
785 3365 948 3473 aliquot
963 3364 1053 3446 dies
1071 3345 1260 3474 sepone3

215 3515 313 3597 dein
337 3514 449 3598 dilue
469 3517 525 3598 ad
544 3528 707 3600 sextam
727 3515 1076 3618 attenuationem.

271 3667 403 3748 Dosis
421 3665 621 3748 z-Glob.
646 3664 689 3773 ij.
713 3675 844 3748 sextae
863 3664 1178 3746 attenuationis.

269 3816 452 3898 Duratio
469 3814 613 3896 2-Per
632 3840 708 3896 sex
727 3813 832 3906 dies.

270 3961 721 4070 Antid-Camphora
744 3962 783 4043 ei
814 3959 960 4061 officit,
987 3960 1147 4044 Vinum
1164 3987 1266 4042 vero

215 4113 325 4196 vires
344 4109 435 4219 ejus
457 4122 597 4216 auget.
