3058 5040
540 378 896 434 nounrorn'rfflcn.
1158 355 1236 436 107

244 543 353 628 Tere
375 570 503 642 unam
529 557 696 653 guttam
725 573 822 629 cum
842 559 1013 628 centum
1036 544 1236 628 Saechari

186 694 332 777 Laetis
351 695 491 803 granis
521 708 601 797 ter,
636 713 679 778 et
709 723 814 804 para
833 724 930 778 curn
950 694 1109 804 Spiritu
1133 695 1236 778 Vini

186 872 323 955 usque
344 847 399 929 ad
418 845 678 954 trigesimam
697 845 1045 929 attenuationem*

242 998 376 1081 Dosis
390 997 588 1081 z-Glob.
624 997 650 1078 i.
688 1009 761 1079 aut
781 995 825 1104 ij.
847 995 1023 1078 decimae
1057 1009 1233 1098 octavae,

186 1143 402 1255 vigesimae
421 1160 593 1257 quartae,
615 1158 659 1231 et
678 1146 904 1256 trigesime
919 1149 1233 1232 attenuationis.

411 1407 585 1474 OLEUM
606 1405 1015 1474 TEREBINTHINAE.

475 1562 610 1642 Triginta
622 1562 835 1623 attenuationes
862 1544 947 1640 (X).

242 1709 354 1791 Tere
372 1735 501 1790 unam
528 1706 626 1789 Olei
656 1707 897 1789 Rectificati
924 1705 1238 1792 Terebinthinae

189 1870 358 1970 guttam
377 1886 474 1940 cum
493 1868 665 1940 eentum
681 1857 880 1939 Saechari
897 1857 1044 1941 Laetis
1063 1861 1204 1965 granis
1224 1895 1233 1942 ι

187 2017 335 2118 repete
355 2005 508 2087 iterum
523 2017 566 2088 et
586 2006 751 2088 denuo:
786 2005 885 2088 dein
904 2034 1006 2115 para
1022 2033 1120 2089 eum
1135 2010 1238 2093 Vini

190 2155 351 2266 Spiritu
370 2181 505 2264 usque
526 2155 580 2237 ad
599 2155 855 2263 trigesimam
872 2158 1220 2244 attenuationem.

243 2305 377 2388 Dosis
394 2304 587 2388 :-Glob.
608 2303 652 2412 ij
686 2316 759 2388 aut
789 2304 847 2414 iij.
882 2305 1107 2414 trigesimae
1127 2320 1236 2392 atte-

187 2456 415 2540 nuationis.

313 2707 518 2774 ONISCUS
535 2705 753 2771 ASELLUS
769 2707 1122 2793 (MILLEPEDES.)

262 2851 323 2933 Ut
356 2851 540 2934 tinctura
579 2877 632 2931 ex
668 2849 734 2932 his
768 2850 1017 2934 animalibus
1050 2864 1237 2962 paretur,

190 3003 374 3087 eundem
393 3002 567 3124 modum
584 3012 632 3084 ut
651 3000 694 3082 in
717 3000 959 3084 Coccinellt
979 3031 1170 3112 sequere.

476 3275 660 3343 ONONIS
684 3273 892 3343 SPINOSA
916 3275 956 3340 L.

525 3421 585 3482 Sex
595 3423 807 3483 attenuationer
821 3403 906 3499 (II).

249 3567 370 3652 Folia
388 3578 431 3650 et
450 3566 637 3649 radicem
656 3566 863 3649 Ononidis
877 3567 1069 3678 Spinosae
1085 3569 1239 3652 mensi-

192 3719 274 3802 bus
292 3717 322 3800 J
323 3717 424 3800 unio
444 3728 488 3800 et
501 3717 714 3824 Augusto,
731 3716 904 3799 floribus
916 3716 1104 3799 nondum
1120 3746 1240 3828 aper-

192 3872 264 3973 tis,
280 3869 462 3953 collecta
475 3866 627 3950 eodem
637 3865 783 3968 m0d0,
798 3892 883 3973 quo
893 3866 1070 3949 Nerium
1082 3866 1242 3952 Olenn-

194 4020 284 4121 der,
306 4045 409 4128 para
429 4029 558 4125 atque
584 4027 758 4100 attenua
789 4017 844 4099 ed
878 4029 1041 4101 sextam
1071 4018 1242 4102 dilutio-

192 4197 302 4253 nem.
