3058 5040
321 361 397 436 132
657 423 661 430 .
679 383 1027 438 rnnauneormra

317 547 575 651 dictumest,
598 575 788 664 sequere,
811 563 854 634 et
885 549 940 634 ad
974 573 1132 640 nonam
1165 555 1364 627 attenua·

317 698 478 780 tionem
498 679 675 809 explica.

374 850 506 932 Dosis
523 886 532 932 :
549 898 604 910 —
619 849 755 932 Gutta
787 851 954 958 integra
981 850 1050 933 vel
1083 875 1215 958 parva
1243 874 1368 929 nonae

318 1001 630 1083 attenuationis.

342 1150 770 1259 xDurat—Majores
804 1149 931 1233 doses
964 1174 1044 1257 per
1080 1149 1224 1258 plures
1257 1149 1365 1247 dies,

317 1296 501 1383 minores
520 1327 620 1382 vero
641 1302 696 1382 ad
714 1301 888 1408 triginta
917 1326 992 1382 sex
1010 1299 1081 1381 vel
1100 1297 1368 1407 duodequin-

319 1450 522 1557 quaginta
538 1450 665 1532 horas
686 1449 878 1532 efficaces
898 1474 992 1530 sese
1011 1453 1237 1557 praestant.'

372 1595 709 1680 Antid.-Aeido
742 1598 978 1680 Citreorum
1007 1598 1077 1681 vel
1103 1597 1195 1680 aliis
1215 1597 1365 1680 frueti-

315 1755 413 1853 bus,
436 1753 588 1862 quibus
606 1753 719 1835 idem
744 1755 855 1836 inest
887 1754 1086 1856 Aridum,
1117 1753 1368 1863 perniciosae

316 1905 407 2012 ejus
418 1905 526 1987 vires
539 1909 798 1986 coercentur.
834 1905 1031 1986 Eundem
1049 1904 1095 1985 in
1109 1905 1237 1986 finem
1247 1903 1364 1987 Ace·

314 2031 406 2138 tum
426 2047 553 2161 atque
572 2054 676 2136 fumi
703 2053 847 2136 herbae
876 2051 1117 2138 Nicetiana
1141 2079 1369 2139 'commen-

314 2200 479 2285 dantur.

516 2376 838 2443 STRONTIANA
861 2379 1157 2447 CARBONICA.

601 2529 736 2606 Triginta
749 2531 961 2589 attenuationes
988 2515 1070 2610 (X).
1141 2535 1144 2540 “
1195 2501 1197 2506 ¹

367 2659 577 2764 Decoque
597 2683 726 2737 unam
754 2667 920 2764 partem
955 2649 1173 2768 Sulphatls¹
1209 2662 1362 2746 Stron-

311 2807 438 2888 tianae
470 2805 581 2888 bene
618 2803 772 2885 ablutae
807 2831 904 2886 eum
928 2807 1072 2897 ,tribus
1109 2803 1365 2896 Carbonatis

311 2959 498 3040 Potassae
525 2954 718 3063 partibus
734 2954 778 3034 in
804 2956 917 3062 aqulr
933 2982 1010 3063 per
1038 2957 1215 3041 horam:
1249 2961 1363 3060 cola,

313 3108 438 3190 ablue
459 3118 502 3188 et
522 3105 620 3187 dein
637 3104 753 3186 solve
767 3103 811 3185 in
827 3105 965 3185 Aeido
980 3106 1212 3190 Muriatieo
1224 3109 1364 3197 donec

313 3257 499 3366 crystalli
518 3257 634 3338 fiant.
698 3253 825 3347 Solve
855 3253 899 3334 in
926 3279 999 3334 sex
1019 3281 1140 3363 aquae
1159 3258 1363 3343 ferventis

312 3407 535 3491 destillatae
579 3402 769 3512 partibus
807 3414 850 3483 et
894 3402 1032 3510 adjice
1077 3403 1364 3490 Carbonatem

314 3558 453 3642 Sodae.
512 3553 825 3660 Praeeipitatum
840 3551 964 3633 ablue
985 3580 1099 3661 saepe
1117 3564 1161 3634 et
1177 3557 1361 3640 exsicca.

367 3708 477 3790 Tere
492 3731 624 3786 unum
640 3698 890 3782 Carbonatia
907 3700 1162 3785 Strontianae
1182 3731 1363 3811 granum

312 3888 410 3944 cum
439 3867 610 3940 eentum
642 3847 851 3931 Saeehari'
871 3847 1019 3930 Laetis
1048 3852 1189 3958 granis
1221 3865 1290 3937 ter
1318 3869 1363 3940 et

312 4037 415 4122 para
438 4007 569 4091 vicies
595 4001 752 4111 septies
786 4025 880 4080 eum
914 3998 1072 4108 Spiritu
1102 4002 1205 4085 Vini
1224 4031 1362 4113 usque

304 4164 367 4246 ad
384 4157 642 4268 trigesimam
669 4154 1018 4236 attenuationem.
