3084 5040
296 362 351 437 50
648 388 996 444 rnsunncoroem

300 550 403 632 Vini
422 553 554 661 guttis
573 554 719 651 misce,
738 555 837 636 dein
848 555 977 637 modo
991 563 1198 636 consueto
1217 550 1343 632 dilue.

301 701 458 784 Melius
477 715 543 786 est
562 706 691 787 modo
713 706 1063 814 antipsoricorum
1083 702 1233 813 parari.

359 853 698 937 Dosisz—Glob.
723 857 766 964 ij.
790 857 833 937 in
862 856 1006 938 multis
1032 853 1191 936 morbis
1218 862 1348 933 sextae

305 1004 625 1104 attenuationis,
647 1005 688 1085 in
710 1007 845 1087 acutis
865 1032 966 1087 vero
986 1033 1123 1088 nonae.

360 1155 544 1236 Duratio
562 1155 751 1240 :-Ultra
771 1156 1093 1266 quatuordecim
1111 1156 1216 1237 dies

360 1306 506 1386 Antid.
517 1305 714 1407 -China,
736 1308 955 1390 Pulsatilla
973 1320 1101 1416 atque
1121 1305 1200 1386 Vis
1218 1305 1346 1386 Elee-

305 1456 423 1538 trica.

721 1603 937 1670 ASARUM.

540 1758 747 1870 (Asarum
767 1763 1020 1871 Europaeum
1039 1759 1119 1867 L.)

581 1931 757 1997 Quindecim
772 1931 983 1991 attenuationes
997 1911 1078 2006 (V).

363 2053 704 2135 Succumrccens
720 2077 966 2158 expressum
979 2077 1075 2131 cum
1083 2048 1174 2157 pari
1184 2049 1352 2156 quanti-

305 2214 395 2286 tate
409 2202 590 2311 Spin'tus
606 2201 709 2284 Vini
720 2200 868 2301 misce,
888 2202 986 2284 dein
1000 2202 1129 2283 modo
1146 2211 1352 2282 consueto

305 2352 418 2434 dilue
438 2352 492 2434 ad
512 2353 848 2434 attenuationem
872 2352 1062 2460 quintam
1083 2351 1304 2433 decimam.

359 2486 699 2568 Dosisz--Glob.
730 2487 773 2596 ij.
802 2485 1064 2568 duodecimae
1081 2486 1151 2568 vel
1176 2487 1352 2570 decimae

305 2621 463 2729 quintae
483 2623 797 2704 attenuationis,

360 2770 806 2886 Antid.-Camphora
826 2785 954 2881 atque
973 2774 1157 2853 Acetum
1169 2769 1348 2877 mitigat.

591 2966 771 3036 AURUM
794 2968 1063 3038 FOLIATUM.

575 3117 738 3180 Duodecim
753 3123 965 3183 attenuationes
981 3075 1098 3202 (IV).¹

360 3252 480 3333 Auro
497 3250 665 3332 Foliato
685 3251 848 3358 optimo
867 3254 1073 3335 utendum
1095 3265 1172 3336 est.

362 3401 559 3481 Eundem
577 3400 766 3499 modum,
791 3428 876 3508 quo
892 3403 946 3483 de
962 3403 1227 3512 antipsoricis
1244 3433 1354 3513 prae-

307 3561 480 3655 ceptum
499 3559 577 3642 est,
601 3573 793 3655 sequere.

361 3696 696 3780 Dosisz-Glob.
731 3696 772 3806 ij.
805 3701 951 3808 primae
983 3703 1051 3784 vel
1085 3703 1281 3785 secundae
1308 3705 1353 3786 in

304 3848 463 3931 morbis
498 3847 722 3947 chronicis,
754 3849 1016 3934 duodecima
1049 3879 1150 3935 vero
1183 3866 1351 3936 attenu-

306 3999 460 4081 ationis
489 4000 533 4080 in
561 3997 694 4082 acutis
715 4012 757 4082 et
778 4000 821 4083 in
841 4000 1084 4085 hominibus
1109 4006 1234 4088 valde
1263 4006 1354 4088 irri-

307 4149 524 4235 tabilibus.
