3084 5040
548 392 903 448 nonorornrnrcn.
1043 445 1047 454 ,
1200 373 1250 450 15

204 569 300 639 cato
334 560 508 644 metalla
546 589 644 644 cum
679 562 883 645 saccharo
926 561 1049 646 lactis
1095 573 1245 646 conte-

202 719 363 791 runtur.

259 859 411 969 Itaque
431 865 605 946 metalla
623 865 692 947 vel
711 862 833 946 acido
853 863 996 973 aliquo
1013 864 1247 964 solvuntur,

203 1013 287 1116 vel,
310 1013 347 1097 si
369 1043 456 1122 uon
475 1016 539 1100 uti
559 1045 722 1117 aurum,
742 1028 965 1125 argeutum
985 1029 1114 1124 atque
1135 1027 1249 1098 stan-

202 1189 304 1245 num
323 1166 367 1248 in
395 1167 662 1250 tenuissimas
691 1169 868 1251 laminas
902 1169 1031 1250 ducta
1059 1169 1250 1250 vendun-

202 1325 285 1416 tur,
317 1317 681 1402 comminuuntur:
729 1320 845 1428 quod
872 1322 936 1420 fit,
970 1319 1004 1400 si
1032 1346 1130 1427 pars
1158 1347 1251 1430 me?

202 1466 293 1550 talli
311 1471 484 1578 genuini
504 1482 546 1554 et
566 1470 777 1579 purissimi
804 1471 848 1552 in
878 1469 1018 1579 lapide
1038 1470 1117 1555 sub
1138 1473 1251 1579 aqud

201 1619 367 1722 teritur,
383 1622 518 1704 donec
533 1621 634 1703 satis
646 1621 831 1730 pulveris
841 1619 1097 1702 obtineatur.
1125 1621 1251 1704 Lima

201 1783 429 1878 propterea
446 1771 562 1853 haud
579 1771 786 1854 utendum
805 1783 887 1870 est,
912 1772 1011 1881 quia
1029 1774 1249 1856 metallum
1276 1757 1280 1768 ’

203 1920 375 2005 alterius
393 1923 570 2023 metalli,
604 1951 689 2034 quo
713 1925 940 2025 mulcetur,
972 1924 1082 2008 vires
1102 1925 1247 2033 acqui·

202 2070 279 2155 rit:
331 2086 374 2156 et
402 2074 484 2156 hoc
525 2074 569 2155 in
606 2075 738 2180 ¹modo
777 2074 1076 2157 medicamenti
1106 2074 1250 2159 virtuti

190 2254 318 2335 ,purae
337 2226 467 2309 fidere
487 2254 574 2308 non
592 2237 749 2336 potest.

302 2519 361 2573 DE
382 2518 500 2573 MODO
521 2519 842 2573 MEDICAMENTA
862 2517 1145 2574 ANTIPSORICA

620 2671 832 2725 PARANDI.

262 2837 469 2920 Remedia
497 2836 755 2945 antipsorica
779 2860 927 2918 recens
955 2831 1252 2915 commendata

204 3003 248 3074 et
269 2991 351 3072 alia
372 2988 568 3098 quaedam
581 2987 906 3086 medicamenta,
937 2985 1124 3093 Baryten
1144 2983 1250 3066 Car-

206 3141 422 3243 bonicum,
446 3141 619 3223 Calccm
644 3137 939 3234 Carbonicam,
958 3137 1134 3218 Terram
1155 3134 1252 3215 Sili-

204 3293 543 3391 ceum,Natrum,
557 3288 973 3388 SalAmmoniacum,
983 3283 1252 3394 Magnesiam

183 3506 186 3511 Α
206 3444 501 3542 Carbonicam,
524 3442 762 3527 Carbonem
782 3440 994 3548 Ligneum
1010 3450 1053 3522 et
1072 3439 1251 3521 Animu-

203 3594 303 3695 lem,
320 3595 589 3704 Graphyteu,
613 3592 811 3701 Sulphur,
832 3590 1125 3673 Antimonium
1146 3589 1253 3672 Cru-

205 3746 506 3847 dum,Aurum,
515 3744 738 3844 Plotinam,
753 3743 942 3841 Ferrum,
957 3741 1154 3844 Zincum,
1166 3743 1253 3826 Cu-

203 3923 342 4004 prum,
362 3896 598 4017 Argentum
613 3906 656 3976 et
671 3893 893 3993 stannum,
915 3891 1253 3975 Hahnemaunus

204 4045 266 4127 ita
279 4017 504 4156 praeparari
515 4044 655 4155 jubet.

261 4196 429 4279 Horum
459 4196 864 4278 medicamentorum
887 4195 930 4275 in
949 4195 1164 4303 pulverem
1184 4221 1251 4276 re·
