3058 5040
536 389 897 452 nonrmorsrnrcn.
1159 374 1235 447 111

187 587 279 644 rere
304 561 448 672 ooepit,
469 589 618 648 recens
638 591 885 675 expressum
903 564 1111 671 compari
1138 559 1235 671 Spi-

126 741 130 748 ·
189 713 300 795 ritus
313 713 416 796 Vini
435 717 674 823 quantitate
695 715 935 798 commisce.

231 865 1237 976 Dos.—Glob.ij.veliij.tincturaeconcentratae.

308 1125 653 1192 PHELLANDRII
679 1124 918 1201 AQUATICI
945 1123 1126 1190 SEMEN.

363 1277 695 1385 (Phellandrium
716 1274 976 1385 Aquaticum
993 1275 1067 1380 L.)

520 1479 581 1538 Sex
595 1479 806 1538 attenuatione·
820 1457 909 1557 (ll).

247 1622 349 1704 Hoc
371 1648 516 1704 semen
536 1622 581 1703 in
602 1621 845 1730 Septembri
865 1622 1031 1730 collige.

245 1773 386 1855 Misce
409 1801 535 1855 unam
566 1773 737 1855 seminis
768 1772 915 1855 siccati
947 1786 1115 1881 partem
1144 1804 1241 1858 cum

189 1925 343 2034 viginti
374 1924 555 2033 Spiritus
586 1922 688 2005 Vini
721 1923 936 2033 partibus:
968 1951 1138 2008 macera
1166 1955 1243 2037 per

190 2072 466 2156 hebdomada
484 2075 574 2156 sine
595 2074 735 2156 calore
759 2086 802 2156 et
835 2076 954 2174 cola3
987 2075 1086 2158 dein
1110 2077 1242 2162 misce

191 2225 346 2332 viginti
370 2235 514 2332 guttas
544 2253 641 2307 cum
674 2225 894 2334 octoginta
929 2226 1110 2336 Spiritus
1141 2226 1244 2309 Vini

194 2378 342 2488 guttis.
414 2379 513 2460 Hoc
545 2379 724 2487 primam
758 2377 978 2460 constituit
1012 2380 1242 2462 attenuati·

193 2556 324 2612 onem
342 2563 350 2612 :
374 2556 478 2639 para
496 2528 701 2636 usquead
717 2540 880 2610 sextam
895 2529 1242 2613 attenuationem.

250 2678 551 2763 Dos—Glob.
563 2679 607 2787 ij.
623 2690 695 2760 aut
708 2675 767 2786 iij
783 2689 913 2760 sextae
929 2681 1242 2764 attenuationis.

551 2937 889 3005 PHOSPHORUS.

491 3109 625 3188 Triginta
638 3109 851 3168 attenuationes
865 3091 948 3189 (X).

254 3256 440 3338 Primum
457 3253 753 3360 Phosphorum
771 3281 869 3335 cum
893 3254 1104 3337 Saccharo
1131 3257 1244 3340 Lac-

198 3409 254 3492 tis
275 3405 514 3490 commisce.
576 3403 707 3485 Hunc
724 3403 769 3485 in
798 3407 926 3487 finem
954 3432 1086 3515 gana
1111 3435 1248 3492 nona-

200 3561 319 3670 ginta
337 3584 491 3640 novem
516 3554 715 3637 Sacchari
734 3556 897 3656 Laetis,
928 3557 1088 3640 adfusis
1124 3560 1247 3666 quin-

200 3710 340 3791 decim
374 3706 540 3789 circiter
572 3733 693 3814 aquae
726 3709 874 3814 guttis,
908 3709 952 3789 in
985 3697 1135 3816 paterd
1164 3739 1247 3822 ope

200 3859 346 3970 pistilli
365 3855 593 3939 madefacti
617 3856 662 3936 in
684 3857 849 3963 pultem
868 3871 1064 3940 tenacem
1081 3862 1245 3972 redige,

202 4011 271 4092 cui
298 4035 477 4118 granum
509 4005 746 4114 Phosphori
779 4035 925 4110 unum,
946 4008 991 4090 in
1024 4009 1248 4111 duodecim

199 4163 286 4244 fere
314 4160 446 4241 frusta
471 4156 715 4256 dissectum,
745 4157 907 4265 pistillo
937 4160 1112 4244 humido
1148 4172 1245 4245 tun·
