3084 5040
264 356 321 438 46
616 383 970 443 Prrnnuncormrn

264 549 440 631 fluidum
469 552 660 660 praebet3
706 554 741 637 si
773 555 955 662 impura,
991 556 1124 635 flavos
1157 553 1314 633 floccos

266 700 463 781 demittit.
522 702 766 784 Aluminam
795 703 855 783 sie
887 713 1111 811 purgatam
1139 699 1183 780 in
1203 699 1316 806 aqud

263 847 453 930 fervente
467 850 606 957 ‚liqua,
623 849 839 959 miseeque
859 878 956 932 cum
969 847 1221 932 Carbonatis
1232 848 1316 929 Po-

264 1008 390 1078 taasae
409 979 572 1106 liquore
592 999 731 1081 donec
749 1027 836 1082 non
855 1000 1034 1108 amplius
1054 997 1312 1080 demittatur.

263 1143 415 1253 Adjice
445 1146 605 1255 aliquid
636 1149 814 1256 amplius
848 1147 1101 1231 Carbonatis
1127 1147 1314 1228 Potansae

263 1293 500 1403 leniterque
519 1296 662 1378 misce.
700 1295 1015 1404 Praecipitatum
1032 1319 1110 1401 per
1124 1292 1315 1374 chartam

263 1442 453 1526 bibulam
473 1471 624 1552 separa
648 1471 673 1526 a
698 1445 844 1546 fluido,
870 1445 999 1552 idque
1026 1442 1178 1550 saepius
1196 1443 1311 1525 lava·

264 1603 371 1689 tum,
407 1591 451 1671 iu
480 1591 620 1673 Aeido
650 1591 879 1674 Muriatieo
911 1592 1040 1698 liqua.
1100 1591 1232 1673 Hunc
1263 1591 1315 1671 li-

265 1765 441 1848 quorem
473 1739 554 1820 nisi
583 1739 803 1848 limpidum
841 1741 950 1841 cola,
992 1754 1035 1823 et
1072 1739 1315 1822 Aluminam

266 1888 474 1970 Carbonis
501 1890 739 1971 Ammoniae
760 1915 841 1997 ope
865 1917 958 1996 quae
979 1891 1082 1972 satis
1103 1913 1314 1997 superque

265 2037 477 2146 adjicitur,
508 2040 699 2122 demitte.
756 2040 957 2121 Alumina
982 2041 1065 2122 hoe
1090 2040 1219 2122 modo
1238 2065 1314 2146 pa·

264 2199 358 2272 rata
385 2200 450 2271 est
479 2189 604 2271 valde
627 2188 780 2285 mollia,
802 2189 966 2272 lubrica
997 2204 1040 2274 et
1068 2192 1112 2272 in
1130 2213 1314 2272 massam

267 2351 467 2422 concreta
484 2372 495 2436 3
529 2338 681 2446 saepius
700 2337 913 2421 abluenda
932 2352 997 2422 est
1016 2352 1065 2421 ut
1094 2340 1192 2422 salis
1217 2365 1311 2447 par·

264 2485 405 2568 ticulae
434 2498 721 2571 amoveantur.
774 2488 892 2570 Inter
910 2490 1097 2572 chartam
1124 2488 1313 2571 bibulam

263 2635 514 2742 interposita
533 2636 578 2716 in
596 2640 692 2720 aere
714 2637 907 2720 siccatur.

320 2783 429 2865 Para
448 2784 559 2866 utin
584 2786 905 2870 medicamentis
940 2789 1206 2897 antipsorioia
1236 2789 1311 2870 tri-

265 2930 643 3036 gintadilutiones.

320 3080 660 3165 Doaisz--Glob.
674 3084 701 3164 i.
732 3095 805 3165 aut
826 3085 884 3192 iij.
902 3084 1129 3194 trigesimae
1148 3097 1267 3169 attan
1282 3119 1312 3185 z,

265 3229 477 3311 interdum
496 3231 847 3314 duodevicesima
862 3245 904 3314 et
916 3235 1125 3317 vicesimae
1138 3247 1310 3342 quartae.

320 3378 505 3460 Duratio
523 3379 880 3488 z-Quadraginta
899 3382 988 3464 dies
1009 3396 1051 3465 et
1071 3384 1194 3465 ultra.

320 3527 766 3634 Antid-Camphora
777 3533 810 3629 ?,
829 3531 1037 3614 Chamilla
1051 3546 1094 3616 et
1110 3534 1313 3642 Ipeeaeu-

264 3672 389 3755 anha.

599 3784 979 3855 ARISTOLOCHIA.

463 3909 774 4017 (Aristolochia
791 3916 1028 4002 Clematitis
1048 3920 1127 4030 L.)

618 4045 686 4104 Una
698 4048 859 4107 attenuatio
873 4049 885 4127 (
906 4048 929 4125 ).

320 4136 362 4215 A
381 4159 527 4218 mense
546 4135 667 4220 Maio
688 4139 743 4222 ad
760 4140 790 4221 J
792 4141 936 4224 unium
951 4141 1187 4250 colligenda
1206 4157 1284 4227 est.
