3058 5040
529 385 884 442 aommoefflucn.
1181 349 1236 437 75

554 579 875 648 DULCAMARA.

416 707 642 815 (Solamen
660 709 920 790 Dulcamara
933 702 1013 812 L.)

397 876 509 954 Viginti
524 886 650 951 quatuor
663 875 876 934 attenuationes
891 853 1036 949 (Vlll).

246 1000 430 1084 Suooum
457 1028 481 1082 e
507 1002 663 1083 teneris
694 1001 819 1082 ramis
848 1012 892 1082 et
922 1001 1032 1082 foliis
1062 999 1235 1107 plantae,
1313 1095 1317 1104 ¹

191 1176 287 1255 quae
306 1149 454 1230 florere
475 1149 617 1256 eoepit,
648 1174 894 1256 expressum
920 1148 1152 1230 seeundum
1171 1171 1236 1227 re-

192 1299 314 1404 gulas
332 1296 621 1405 promulgatas
640 1322 744 1404 para
767 1308 896 1404 atque
925 1294 1239 1378 attenuationes

191 1445 293 1526 inde
314 1445 530 1526 confectas
550 1443 616 1524 bis
636 1443 763 1550 agita.

245 1590 585 1675 Dosis:-Glob.
607 1590 652 1699 ij.
673 1593 744 1673 vel
761 1591 820 1699 iij.
841 1593 1054 1699 vigesimae
1081 1602 1241 1699 quartae

192 1742 510 1826 attenuaiionis.
551 1791 558 1798 -

248 1890 607 1972 Duratioz-Hoo
626 1891 873 1990 remedium,
896 1890 1012 1998 quod
1029 1891 1097 1973 vel
1110 1891 1242 1998 parvi

188 2039 431 2146 quantitate
452 2036 687 2118 adhibitum
704 2064 783 2145 per
800 2038 1026 2118 duodecim
1045 2038 1135 2120 fene
1150 2038 1241 2118 dies

190 2189 344 2268 efficax
362 2196 442 2284 est,
475 2186 510 2266 si
537 2185 696 2293 majore
726 2186 851 2267 datur
878 2185 1045 2292 aegrotis
1075 2186 1243 2292 quanvi-

191 2346 298 2434 tate‚
311 2361 388 2441 per
406 2333 686 2440 quadraginta
701 2333 792 2414 dies
812 2332 1107 2415 efficacitatem
1118 2360 1242 2416 suam

191 2482 361 2564 retinet.
998 2479 1005 2494 '

467 2638 692 2704 EUGENIA
719 2637 904 2704 {AMBOS
927 2637 968 2702 L.

493 2781 628 2858 Triginta
642 2783 856 2841 attenuationes
887 2763 972 2858 (X).

251 2915 439 2996 Nuoleos
477 2913 604 3020 hujus
636 2916 797 2998 fruetus
830 2918 888 2997 ad
924 2943 1110 3034 massam
1133 2944 1244 2999 oon-

190 3064 343 3178 tunde,
369 3063 607 3171 mixtosque
633 3090 730 3144 oum
763 3065 913 3146 deoom
940 3067 1123 3174 Spiritus
1143 3067 1244 3148 Vini

194 3211 404 3320 partibus,
418 3237 493 3317 per
506 3210 819 3293 hebdomadem
833 3240 1021 3310 maoera3
1040 3240 1131 3320 quo
1159 3215 1243 3296 fao-

195 3373 259 3460 το,
269 3359 489 3466 limpidum
500 3359 911 3466 liquoremdefunde.
927 3362 1094 3442 Decem
1101 3374 1245 3468 guttas

196 3507 325 3616 hujus
362 3506 481 3587 fluidi
520 3506 660 3614 (quod
693 3535 827 3588 unum
865 3533 1042 3616 granum
1079 3509 1245 3590 virtutis

198 3653 461 3738 medicinalis
474 3654 688 3763 oontinet)
704 3682 802 3736 oum
815 3657 1049 3764 nonaginta
1065 3656 1244 3765 Spiritus

198 3808 299 3889 Vini
323 3806 454 3913 guttis
474 3804 617 3887 minoe.
677 3804 777 3886 Hoc
796 3805 976 3911 primam
990 3804 1156 3912 ,praebet
1176 3815 1241 3885 at-

193 3955 501 4040 tenuationem.
561 3952 767 4060 Reliquas
793 3953 922 4036 modo
947 3964 1159 4036 consueto
1186 3954 1244 4034 ad

194 4104 457 4214 ongasmam
475 4127 610 4210 ueque
627 4128 746 4207 para.
802 4098 1039 4208 (Hei-ing.)
