3058 5040
267 332 359 413 .116
617 367 976 434 ,Prinnnncormm

646 585 965 708 PULsnTILLrl.

518 803 756 906 (Anemone
776 800 988 884 Pratensis
1006 797 1080 900 L.)

545 993 710 1052 Duodecim
725 993 937 1052 attenuatione:
956 971 1057 1070 (IV).

275 1197 278 1202 ,
335 1131 486 1216 Totam
506 1138 713 1245 plantam,
731 1137 832 1217 dum
847 1136 996 1218 llorere
1011 1132 1155 1242 coepit,
1170 1128 1325 1212 adhibe

282 1292 325 1361 et
359 1310 532 1365 succum
566 1286 779 1392 exprime:
814 1285 911 1366 dein
944 1283 999 1365 ad
1032 1279 1327 1372 duodecimam

281 1436 616 1516 attenuationem
655 1437 831 1545 explica.
896 1435 1114 1516 Interdum
1151 1456 1326 1512 necesse

282 1592 362 1681 est,
381 1582 417 1662 si
433 1609 610 1691 corpora
620 1585 742 1666 valde
763 1583 981 1665 imitabilia
996 1593 1108 1680 sunt,
1125 1591 1173 1660 ut
1188 1579 1243 1660 ad
1254 1577 1327 1659 tri-

279 1729 484 1836 gesimam
505 1732 748 1839 explicetur.

335 1877 466 1961 Dosis
485 1881 690 1963 :—Glob.
706 1883 734 1962 i.
755 1883 824 1965 vel
856 1881 899 1989 ij.
923 1880 1185 1962 duodecimae
1214 1887 1325 1960 atte-

280 2029 493 2109 nuationis
512 2030 555 2109 in
573 2030 785 2138 plerisque
806 2031 977 2114 morbis.

333 2177 582 2259 Durat-A
601 2179 764 2280 decem,
787 2181 873 2261 imo
894 2181 949 2263 ad
973 2180 1197 2262 duodecim
1222 2178 1325 2260 dies

333 2328 835 2431 Antid.-—Chamomilla,
869 2329 1032 2428 Coffea,
1078 2328 1246 2436 Ignatia
1282 2340 1327 2409 et

280 2477 382 2558 Nux
399 2475 592 2560 Vomica.

466 2737 799 2807 RANUNCULUS
825 2737 1078 2807 BULBOSUS
1104 2739 1143 2804 L.

550 2904 714 2964 Duodecim
728 2905 940 2963 attenuatioues
955 2885 1059 2980 (IV).

340 3072 524 3153 Succum
542 3098 567 3153 e
586 3069 733 3177 planta
752 3095 898 3149 mense
918 3070 1054 3170 Maio,
1073 3076 1162 3179 ¹quo
1188 3071 1327 3170 floret,

282 3234 326 3306 ct
347 3221 517 3330 quidem
533 3217 709 3302 eradice
724 3228 767 3298 et
782 3217 916 3299 herbd
934 3220 1107 3301 seorsim
1123 3221 1326 3328 exprime,

284 3372 384 3480 quia
402 3369 512 3451 illius
536 3364 703 3465 tubera,
726 3364 809 3446 nisi
839 3365 1020 3473 Spiritus
1050 3368 1153 3448 Vini
1180 3369 1330 3450 adfun-

283 3522 422 3618 datur,
443 3544 618 3625 parvam
638 3514 754 3596 succi
773 3516 1056 3620 quantitatem
1080 3517 1326 3625 largiuntur.

282 3667 452 3748 Deinde
473 3690 623 3746 succos
642 3674 730 3743 tam
745 3662 887 3744 herbae
903 3691 1030 3770 quam
1042 3666 1195 3748 radicis
1210 3694 1327 3748 com-

281 3817 451 3914 mixtos,
471 3813 564 3923 pari
585 3812 764 3921 Spiritus
783 3811 885 3894 Vini
905 3815 1142 3922 quantitate
1166 3816 1327 3916 addita,

280 3969 378 4052 loco
398 3965 581 4048 obscuro
610 3988 787 4070 repone,
811 3973 854 4045 et
884 3990 961 4073 per
991 3975 1076 4045 tres
1108 3964 1198 4058 dies
1223 3964 1331 4046 mix-

279 4129 417 4200 turam
434 4112 622 4223 quotidie
636 4110 859 4218 aliquoties
876 4112 1012 4219 agita;
1036 4139 1121 4220 quo
1137 4125 1329 4223 tempore
