3084 5040
663 368 887 442 ,rnnrnrro
1228 351 1295 428 xix

242 625 395 712 librum
407 627 750 739 supradictum,“
768 616 1302 736 HomoeopotliselresDisw

236 787 576 897 pmsutorium,”
618 785 805 870 traduxit
845 796 888 868 et
931 777 1170 866 emendavit
1212 772 1290 857 sub

241 946 367 1028 titulo
403 954 434 994 “
451 947 582 1030 Modo
596 945 798 1058 generale
817 945 861 1028 di
877 967 1115 1054 preparare
1144 939 1160 1018 i
1188 933 1289 1018 Me·

242 1105 463 1188 diccmcnti
488 1106 778 1216 Omiopoticie
796 1104 840 1187 di
858 1098 1064 1186 dilcirli.'’
1124 1094 1292 1178 Eodem

243 1291 414 1373 quoque
453 1291 565 1347 anno
606 1272 636 1312 “
666 1265 880 1348 Elementi
922 1261 966 1342 di
1007 1260 1291 1362 Formacopea

248 1423 523 1532 Omiopatico,
554 1425 721 1506 estralti
747 1423 864 1506 dalla
894 1420 1088 1504 Materia
1118 1412 1291 1498 Medico

243 1582 287 1663 di
322 1582 655 1682 Hakoemcrm,''
687 1581 873 1691 Neapoli
910 1579 1029 1662 dedit
1062 1576 1133 1659 La
1162 1568 1286 1680 Raja.

240 1741 293 1824 In
328 1741 730 1828 Galliadourdanus
756 1741 962 1849 Organon
990 1727 1292 1820 Hahnemanni

240 1901 443 2002 traduxit,
463 1903 586 2011 eique
614 1901 849 1984 versionem
880 1897 1090 1982 Gallicam
1118 1916 1289 2004 quoque

240 2059 595 2170 Pharmaeopoeiae
622 2058 1008 2170 Homoeopathicae,
1041 2064 1072 2103 “
1096 2055 1286 2138 Homoeo·

236 2218 451 2328 perdiscite
468 2218 832 2328 Pharmacopoe,'’
855 2215 1025 2326 adjecit.
1084 2211 1289 2295 Ultimam

240 2375 365 2487 hujus
414 2375 509 2458 libri
556 2376 786 2460 editionem
826 2372 986 2486 (1832)
1035 2371 1287 2458 Germanice

233 2535 440 2645 scriptam
457 2562 613 2644 magno
633 2534 779 2619 labore
800 2535 960 2618 crrravit
976 2536 1284 2634 Hartmannus,

233 2695 472 2804 multaque,
491 2696 535 2776 in
560 2695 713 2805 quibus
733 2708 861 2778 antea
879 2695 1024 2807 opinio
1042 2723 1140 2780 eum
1162 2696 1283 2778 fefel-

237 2855 359 2955 lerat,
383 2854 491 2938 adeo
515 2854 709 2956 mutavit,
738 2866 786 2936 ut
816 2854 937 2937 nobis
957 2853 1175 2964 diligentia
1193 2855 1284 2966 ejus

236 3027 279 3097 et
291 3015 483 3097 doctrina
501 3014 616 3099 haud
632 3041 783 3125 parum
798 3015 892 3125 opis
909 3015 1109 3099 attulerit.

294 3171 381 3254 Sed
400 3200 531 3282 quum
551 3173 597 3255 hi
621 3172 717 3256 libn'
743 3187 841 3257 ante
861 3175 1006 3284 plures
1025 3202 1158 3258 annos
1179 3177 1283 3264 editi

236 3333 334 3432 sint,
373 3332 634 3442 scientiaque
673 3332 890 3416 medicinae
927 3361 1040 3418 nova
1075 3337 1278 3444 remedia,

233 3491 494 3598 modumque
535 3488 713 3599 parandi
752 3489 1097 3595 commodiorem,
1141 3499 1281 3607 quoti-

234 3646 303 3729 die
336 3645 597 3756 suppeditet,
619 3623 786 3755 esquum
812 3647 937 3731 nobis
955 3649 1093 3734 uisum
1124 3663 1205 3756 est,
1237 3656 1280 3738 in

232 3806 315 3888 hoc
336 3805 542 3917 opusculo
566 3817 720 3888 cuncta
745 3805 1054 3891 medicamenta
1072 3809 1279 3898 hactenus

232 3979 449 4076 comperta
477 3964 755 4076 perscribere,
786 3992 1070 4076 magnamque
1100 3969 1277 4080 diligen·

232 4123 341 4206 tiam
376 4123 576 4210 adhibere
604 4151 659 4208 ne
695 4123 812 4233 quid,
849 4137 921 4208 aut
953 4125 1165 4214 oblivione
1205 4147 1277 4217 aut

715 4298 744 4381 b
764 4298 792 4379 2
