<?xml version="1.0" encoding="UTF-8"?>
<!DOCTYPE html PUBLIC "-//W3C//DTD XHTML 1.0 Transitional//EN"
    "http://www.w3.org/TR/xhtml1/DTD/xhtml1-transitional.dtd">
<html xmlns="http://www.w3.org/1999/xhtml" xml:lang="en" lang="en">
 <head>
  <title>
</title>
<meta http-equiv="Content-Type" content="text/html;charset=utf-8" />
  <meta name='ocr-system' content='tesseract 3.04.00' />
  <meta name='ocr-capabilities' content='ocr_page ocr_carea ocr_par ocr_line ocrx_word'/>
</head>
<body>
  <div class='ocr_page' id='page_1' title='image "./pharmacopoeiaho00quingoog_0147.png"; bbox 0 0 3058 5040; ppageno 0'>
   <div class='ocr_carea' id='block_1_1' title="bbox 136 333 977 432">
    <p class='ocr_par' dir='ltr' id='par_1_1' title="bbox 136 333 977 432">
     <span class='ocr_line' id='line_1_1' title="bbox 136 333 977 432; baseline 0.014 -30"><span class='ocrx_word' id='word_1_1' title='bbox 136 424 142 432; x_wconf 89' lang='lat'><strong>.</strong></span> <span class='ocrx_word' id='word_1_2' title='bbox 267 333 344 408; x_wconf 79' lang='grc'>112</span> <span class='ocrx_word' id='word_1_3' title='bbox 631 357 977 413; x_wconf 70' lang='lat' dir='ltr'>cananaeorum</span> 
     </span>
    </p>
   </div>
   <div class='ocr_carea' id='block_1_2' title="bbox 260 518 1313 1085">
    <p class='ocr_par' dir='ltr' id='par_1_2' title="bbox 260 518 1313 1085">
     <span class='ocr_line' id='line_1_2' title="bbox 264 518 1313 634; baseline 0.009 -35"><span class='ocrx_word' id='word_1_4' title='bbox 264 518 405 601; x_wconf 88' lang='lat' dir='ltr'>dendo</span> <span class='ocrx_word' id='word_1_5' title='bbox 429 521 572 630; x_wconf 91' lang='lat' dir='ltr'>potius</span> <span class='ocrx_word' id='word_1_6' title='bbox 603 551 731 634; x_wconf 91' lang='lat' dir='ltr'>quam</span> <span class='ocrx_word' id='word_1_7' title='bbox 749 528 927 610; x_wconf 87' lang='lat' dir='ltr'>terendo</span> <span class='ocrx_word' id='word_1_8' title='bbox 946 527 1162 626; x_wconf 85' lang='lat' dir='ltr'>immisce3</span> <span class='ocrx_word' id='word_1_9' title='bbox 1197 529 1313 634; x_wconf 90' lang='lat' dir='ltr'>quod</span> 
     </span>
     <span class='ocr_line' id='line_1_3' title="bbox 263 669 1311 784; baseline 0.008 -34"><span class='ocrx_word' id='word_1_10' title='bbox 263 669 365 751; x_wconf 91' lang='lat' dir='ltr'>dum</span> <span class='ocrx_word' id='word_1_11' title='bbox 383 673 447 771; x_wconf 92' lang='lat' dir='ltr'>fit,</span> <span class='ocrx_word' id='word_1_12' title='bbox 469 698 670 781; x_wconf 85' lang='lat' dir='ltr'><strong>massam,</strong></span> <span class='ocrx_word' id='word_1_13' title='bbox 690 702 783 782; x_wconf 87' lang='lat' dir='ltr'>quae</span> <span class='ocrx_word' id='word_1_14' title='bbox 804 676 859 756; x_wconf 88' lang='lat' dir='ltr'>ad</span> <span class='ocrx_word' id='word_1_15' title='bbox 876 675 1080 784; x_wconf 86' lang='lat' dir='ltr'><strong>pistillum</strong></span> <span class='ocrx_word' id='word_1_16' title='bbox 1101 678 1311 760; x_wconf 87' lang='lat' dir='ltr'>adhaeres·</span> 
     </span>
     <span class='ocr_line' id='line_1_4' title="bbox 263 822 1312 934; baseline 0.006 -32"><span class='ocrx_word' id='word_1_17' title='bbox 263 849 358 904; x_wconf 87' lang='lat' dir='ltr'>cere</span> <span class='ocrx_word' id='word_1_18' title='bbox 380 822 505 923; x_wconf 88' lang='lat' dir='ltr'>solet,</span> <span class='ocrx_word' id='word_1_19' title='bbox 529 825 681 933; x_wconf 90' lang='lat' dir='ltr'>saepius</span> <span class='ocrx_word' id='word_1_20' title='bbox 701 825 911 934; x_wconf 82' lang='lat' dir='ltr'>absterge.</span> <span class='ocrx_word' id='word_1_21' title='bbox 972 828 1118 909; x_wconf 72' lang='lat' dir='ltr'>Tertia</span> <span class='ocrx_word' id='word_1_22' title='bbox 1144 827 1312 909; x_wconf 86' lang='lat' dir='ltr'>circiter</span> 
     </span>
     <span class='ocr_line' id='line_1_5' title="bbox 260 971 1313 1085; baseline 0.005 -34"><span class='ocrx_word' id='word_1_23' title='bbox 260 971 375 1053; x_wconf 86' lang='lat' dir='ltr'>horae</span> <span class='ocrx_word' id='word_1_24' title='bbox 394 983 515 1081; x_wconf 88' lang='lat' dir='ltr'>parte</span> <span class='ocrx_word' id='word_1_25' title='bbox 535 975 824 1082; x_wconf 66' lang='lat' dir='ltr'>praeterlapsis,</span> <span class='ocrx_word' id='word_1_26' title='bbox 843 1002 1027 1058; x_wconf 90' lang='lat' dir='ltr'>massam</span> <span class='ocrx_word' id='word_1_27' title='bbox 1039 975 1133 1084; x_wconf 89' lang='lat' dir='ltr'>jam</span> <span class='ocrx_word' id='word_1_28' title='bbox 1146 975 1313 1085; x_wconf 88' lang='lat' dir='ltr'>pulveri</span> 
     </span>
    </p>
   </div>
   <div class='ocr_carea' id='block_1_3' title="bbox 261 1112 1310 1235">
    <p class='ocr_par' dir='ltr' id='par_1_3' title="bbox 261 1112 1310 1235">
     <span class='ocr_line' id='line_1_6' title="bbox 261 1112 1310 1235; baseline 0.003 -33"><span class='ocrx_word' id='word_1_29' title='bbox 261 1123 503 1204; x_wconf 85' lang='lat' dir='ltr'>similiorem</span> <span class='ocrx_word' id='word_1_30' title='bbox 520 1123 679 1206; x_wconf 88' lang='lat' dir='ltr'>factam</span> <span class='ocrx_word' id='word_1_31' title='bbox 696 1152 784 1207; x_wconf 94' lang='lat' dir='ltr'>non</span> <span class='ocrx_word' id='word_1_32' title='bbox 801 1112 980 1235; x_wconf 88' lang='lat' dir='ltr'>amplius</span> <span class='ocrx_word' id='word_1_33' title='bbox 1000 1125 1216 1209; x_wconf 87' lang='lat' dir='ltr'>contunde</span> <span class='ocrx_word' id='word_1_34' title='bbox 1233 1126 1310 1207; x_wconf 91' lang='lat' dir='ltr'>sed</span> 
     </span>
    </p>
   </div>
   <div class='ocr_carea' id='block_1_4' title="bbox 256 1273 1309 2291">
    <p class='ocr_par' dir='ltr' id='par_1_4' title="bbox 259 1273 1309 1686">
     <span class='ocr_line' id='line_1_7' title="bbox 261 1273 1309 1382; baseline 0 -28"><span class='ocrx_word' id='word_1_35' title='bbox 261 1286 445 1358; x_wconf 89' lang='lat' dir='ltr'>contere.</span> <span class='ocrx_word' id='word_1_36' title='bbox 505 1275 614 1372; x_wconf 89' lang='lat' dir='ltr'>Quae</span> <span class='ocrx_word' id='word_1_37' title='bbox 645 1275 808 1382; x_wconf 87' lang='lat' dir='ltr'>reliqua</span> <span class='ocrx_word' id='word_1_38' title='bbox 840 1287 955 1376; x_wconf 89' lang='lat' dir='ltr'>sunt,</span> <span class='ocrx_word' id='word_1_39' title='bbox 984 1275 1047 1357; x_wconf 94' lang='lat' dir='ltr'>uti</span> <span class='ocrx_word' id='word_1_40' title='bbox 1081 1274 1211 1357; x_wconf 87' lang='lat' dir='ltr'>etiam</span> <span class='ocrx_word' id='word_1_41' title='bbox 1242 1273 1309 1355; x_wconf 92' lang='lat' dir='ltr'>in·</span> 
     </span>
     <span class='ocr_line' id='line_1_8' title="bbox 261 1427 1309 1531; baseline 0.003 -26"><span class='ocrx_word' id='word_1_42' title='bbox 261 1436 489 1531; x_wconf 84' lang='lat' dir='ltr'>sequentes</span> <span class='ocrx_word' id='word_1_43' title='bbox 520 1427 848 1528; x_wconf 87' lang='lat' dir='ltr'>attenuationes,</span> <span class='ocrx_word' id='word_1_44' title='bbox 873 1428 1106 1510; x_wconf 88' lang='lat' dir='ltr'>secundum</span> <span class='ocrx_word' id='word_1_45' title='bbox 1134 1427 1309 1509; x_wconf 90' lang='lat' dir='ltr'>modum</span> 
     </span>
     <span class='ocr_line' id='line_1_9' title="bbox 259 1575 756 1686; baseline 0.002 -29"><span class='ocrx_word' id='word_1_46' title='bbox 259 1575 562 1686; x_wconf 89' lang='lat' dir='ltr'>antipsoricum</span> <span class='ocrx_word' id='word_1_47' title='bbox 581 1580 756 1660; x_wconf 87' lang='lat' dir='ltr'>confice.</span> 
     </span>
    </p>

    <p class='ocr_par' dir='ltr' id='par_1_5' title="bbox 256 1727 1308 2291">
     <span class='ocr_line' id='line_1_10' title="bbox 314 1727 1308 1839; baseline 0.002 -29"><span class='ocrx_word' id='word_1_48' title='bbox 314 1727 370 1810; x_wconf 88' lang='lat' dir='ltr'>N.</span> <span class='ocrx_word' id='word_1_49' title='bbox 392 1727 443 1808; x_wconf 93' lang='lat' dir='ltr'>B.</span> <span class='ocrx_word' id='word_1_50' title='bbox 488 1727 647 1811; x_wconf 87' lang='lat' dir='ltr'>Praeter</span> <span class='ocrx_word' id='word_1_51' title='bbox 680 1728 937 1839; x_wconf 84' lang='lat' dir='ltr'>descriptam</span> <span class='ocrx_word' id='word_1_52' title='bbox 973 1731 1181 1812; x_wconf 87' lang='lat' dir='ltr'>rationem</span> <span class='ocrx_word' id='word_1_53' title='bbox 1214 1730 1308 1814; x_wconf 87' lang='lat' dir='ltr'>haec</span> 
     </span>
     <span class='ocr_line' id='line_1_11' title="bbox 259 1878 1308 1988; baseline 0.006 -29"><span class='ocrx_word' id='word_1_54' title='bbox 259 1879 392 1960; x_wconf 89' lang='lat' dir='ltr'>altera</span> <span class='ocrx_word' id='word_1_55' title='bbox 409 1878 640 1988; x_wconf 83' lang='lat' dir='ltr'>praeposita</span> <span class='ocrx_word' id='word_1_56' title='bbox 660 1890 737 1960; x_wconf 89' lang='lat' dir='ltr'>est.</span> <span class='ocrx_word' id='word_1_57' title='bbox 800 1881 991 1963; x_wconf 88' lang='lat' dir='ltr'>Granum</span> <span class='ocrx_word' id='word_1_58' title='bbox 1017 1908 1148 1962; x_wconf 92' lang='lat' dir='ltr'>unum</span> <span class='ocrx_word' id='word_1_59' title='bbox 1171 1880 1308 1965; x_wconf 90' lang='lat' dir='ltr'>Phos-</span> 
     </span>
     <span class='ocr_line' id='line_1_12' title="bbox 256 2027 1303 2139; baseline 0.006 -32"><span class='ocrx_word' id='word_1_60' title='bbox 256 2028 380 2138; x_wconf 91' lang='lat' dir='ltr'>phori</span> <span class='ocrx_word' id='word_1_61' title='bbox 397 2027 441 2110; x_wconf 90' lang='lat' dir='ltr'>in</span> <span class='ocrx_word' id='word_1_62' title='bbox 458 2057 591 2138; x_wconf 89' lang='lat' dir='ltr'>parva</span> <span class='ocrx_word' id='word_1_63' title='bbox 609 2030 744 2111; x_wconf 88' lang='lat' dir='ltr'>frusta</span> <span class='ocrx_word' id='word_1_64' title='bbox 763 2056 878 2130; x_wconf 88' lang='lat' dir='ltr'>seca,</span> <span class='ocrx_word' id='word_1_65' title='bbox 893 2042 1023 2139; x_wconf 90' lang='lat' dir='ltr'>atque</span> <span class='ocrx_word' id='word_1_66' title='bbox 1043 2032 1206 2139; x_wconf 88' lang='lat' dir='ltr'>lagenae</span> <span class='ocrx_word' id='word_1_67' title='bbox 1224 2032 1303 2114; x_wconf 94' lang='lat' dir='ltr'>du·</span> 
     </span>
     <span class='ocr_line' id='line_1_13' title="bbox 256 2178 1305 2291; baseline 0.001 -28"><span class='ocrx_word' id='word_1_68' title='bbox 256 2180 391 2263; x_wconf 87' lang='lat' dir='ltr'>centis</span> <span class='ocrx_word' id='word_1_69' title='bbox 428 2179 618 2263; x_wconf 85' lang='lat' dir='ltr'>AEtheris</span> <span class='ocrx_word' id='word_1_70' title='bbox 655 2178 894 2288; x_wconf 86' lang='lat' dir='ltr'>Sulphurici</span> <span class='ocrx_word' id='word_1_71' title='bbox 924 2181 1136 2291; x_wconf 89' lang='lat' dir='ltr'>purissimi</span> <span class='ocrx_word' id='word_1_72' title='bbox 1172 2182 1305 2290; x_wconf 89' lang='lat' dir='ltr'>guttis</span> 
     </span>
    </p>
   </div>
   <div class='ocr_carea' id='block_1_5' title="bbox 245 2336 1305 4231">
    <p class='ocr_par' dir='ltr' id='par_1_6' title="bbox 252 2336 1305 3173">
     <span class='ocr_line' id='line_1_14' title="bbox 254 2336 1300 2449; baseline 0.004 -29"><span class='ocrx_word' id='word_1_73' title='bbox 254 2339 428 2449; x_wconf 83' lang='lat' dir='ltr'>repletae</span> <span class='ocrx_word' id='word_1_74' title='bbox 447 2366 497 2420; x_wconf 91' lang='lat' dir='ltr'>ac</span> <span class='ocrx_word' id='word_1_75' title='bbox 526 2336 679 2420; x_wconf 89' lang='lat' dir='ltr'>deinde</span> <span class='ocrx_word' id='word_1_76' title='bbox 699 2336 811 2419; x_wconf 90' lang='lat' dir='ltr'>bene</span> <span class='ocrx_word' id='word_1_77' title='bbox 831 2338 1079 2421; x_wconf 82' lang='lat' dir='ltr'>obturandae</span> <span class='ocrx_word' id='word_1_78' title='bbox 1098 2339 1300 2424; x_wconf 87' lang='lat' dir='ltr'>immitte:</span> 
     </span>
     <span class='ocr_line' id='line_1_15' title="bbox 253 2487 1300 2596; baseline 0.005 -28"><span class='ocrx_word' id='word_1_79' title='bbox 253 2489 350 2570; x_wconf 88' lang='lat' dir='ltr'>loco</span> <span class='ocrx_word' id='word_1_80' title='bbox 370 2487 521 2595; x_wconf 85' lang='lat' dir='ltr'>frigido</span> <span class='ocrx_word' id='word_1_81' title='bbox 540 2513 714 2595; x_wconf 91' lang='lat' dir='ltr'>repone,</span> <span class='ocrx_word' id='word_1_82' title='bbox 730 2487 867 2569; x_wconf 89' lang='lat' dir='ltr'>donec</span> <span class='ocrx_word' id='word_1_83' title='bbox 886 2489 1012 2596; x_wconf 88' lang='lat' dir='ltr'>plane</span> <span class='ocrx_word' id='word_1_84' title='bbox 1033 2491 1218 2573; x_wconf 91' lang='lat' dir='ltr'>solutum</span> <span class='ocrx_word' id='word_1_85' title='bbox 1233 2493 1300 2576; x_wconf 90' lang='lat' dir='ltr'>sit.</span> 
     </span>
     <span class='ocr_line' id='line_1_16' title="bbox 255 2635 1305 2747; baseline 0.004 -27"><span class='ocrx_word' id='word_1_86' title='bbox 255 2637 400 2746; x_wconf 90' lang='lat' dir='ltr'>Hujus</span> <span class='ocrx_word' id='word_1_87' title='bbox 423 2637 642 2719; x_wconf 90' lang='lat' dir='ltr'>solutionis</span> <span class='ocrx_word' id='word_1_88' title='bbox 667 2635 735 2719; x_wconf 90' lang='lat' dir='ltr'>bis</span> <span class='ocrx_word' id='word_1_89' title='bbox 762 2638 932 2745; x_wconf 87' lang='lat' dir='ltr'>agitatae</span> <span class='ocrx_word' id='word_1_90' title='bbox 957 2650 1101 2747; x_wconf 89' lang='lat' dir='ltr'>guttas</span> <span class='ocrx_word' id='word_1_91' title='bbox 1127 2641 1233 2724; x_wconf 90' lang='lat' dir='ltr'>duas</span> <span class='ocrx_word' id='word_1_92' title='bbox 1258 2641 1305 2723; x_wconf 93' lang='lat' dir='ltr'>in</span> 
     </span>
     <span class='ocr_line' id='line_1_17' title="bbox 252 2785 1305 2900; baseline 0.004 -32"><span class='ocrx_word' id='word_1_93' title='bbox 252 2787 408 2895; x_wconf 68' lang='lat' dir='ltr'>lagena</span> <span class='ocrx_word' id='word_1_94' title='bbox 441 2813 538 2867; x_wconf 88' lang='lat' dir='ltr'>cum</span> <span class='ocrx_word' id='word_1_95' title='bbox 574 2785 807 2894; x_wconf 85' lang='lat' dir='ltr'>nonaginta</span> <span class='ocrx_word' id='word_1_96' title='bbox 844 2802 942 2872; x_wconf 94' lang='lat' dir='ltr'>octo</span> <span class='ocrx_word' id='word_1_97' title='bbox 985 2789 1164 2900; x_wconf 86' lang='lat' dir='ltr'>Spiritus</span> <span class='ocrx_word' id='word_1_98' title='bbox 1203 2792 1305 2874; x_wconf 92' lang='lat' dir='ltr'>Vini</span> 
     </span>
     <span class='ocr_line' id='line_1_18' title="bbox 253 2936 1303 3046; baseline 0.005 -28"><span class='ocrx_word' id='word_1_99' title='bbox 253 2937 385 3046; x_wconf 90' lang='lat' dir='ltr'>guttis</span> <span class='ocrx_word' id='word_1_100' title='bbox 405 2936 644 3018; x_wconf 88' lang='lat' dir='ltr'>commisce.</span> <span class='ocrx_word' id='word_1_101' title='bbox 705 2937 805 3020; x_wconf 92' lang='lat' dir='ltr'>Hoc</span> <span class='ocrx_word' id='word_1_102' title='bbox 825 2940 1055 3028; x_wconf 86' lang='lat' dir='ltr'>secundam</span> <span class='ocrx_word' id='word_1_103' title='bbox 1084 2941 1303 3023; x_wconf 91' lang='lat' dir='ltr'>constituit</span> 
     </span>
     <span class='ocr_line' id='line_1_19' title="bbox 252 3087 598 3173; baseline -0.012 -1"><span class='ocrx_word' id='word_1_104' title='bbox 252 3087 598 3173; x_wconf 87' lang='lat' dir='ltr'>attenuationem.</span> 
     </span>
    </p>

    <p class='ocr_par' dir='ltr' id='par_1_7' title="bbox 251 3239 1301 3499">
     <span class='ocr_line' id='line_1_20' title="bbox 308 3239 1301 3350; baseline 0.002 -28"><span class='ocrx_word' id='word_1_105' title='bbox 308 3241 513 3348; x_wconf 88' lang='lat' dir='ltr'>Reliquas</span> <span class='ocrx_word' id='word_1_106' title='bbox 543 3239 873 3338; x_wconf 86' lang='lat' dir='ltr'>attenuationes‚</span> <span class='ocrx_word' id='word_1_107' title='bbox 895 3239 958 3323; x_wconf 92' lang='lat' dir='ltr'>uti</span> <span class='ocrx_word' id='word_1_108' title='bbox 989 3268 1117 3350; x_wconf 87' lang='lat' dir='ltr'>supra</span> <span class='ocrx_word' id='word_1_109' title='bbox 1142 3241 1301 3324; x_wconf 86' lang='lat' dir='ltr'>indica-</span> 
     </span>
     <span class='ocr_line' id='line_1_21' title="bbox 251 3402 576 3499; baseline -0.018 -23"><span class='ocrx_word' id='word_1_110' title='bbox 251 3406 341 3476; x_wconf 91' lang='lat' dir='ltr'>tum</span> <span class='ocrx_word' id='word_1_111' title='bbox 363 3402 439 3486; x_wconf 89' lang='lat' dir='ltr'>est,</span> <span class='ocrx_word' id='word_1_112' title='bbox 460 3417 576 3499; x_wconf 89' lang='lat' dir='ltr'>para.</span> 
     </span>
    </p>

    <p class='ocr_par' dir='ltr' id='par_1_8' title="bbox 250 3538 1302 3779">
     <span class='ocr_line' id='line_1_22' title="bbox 305 3538 1302 3650; baseline 0.001 -25"><span class='ocrx_word' id='word_1_113' title='bbox 305 3542 437 3625; x_wconf 89' lang='lat' dir='ltr'>Dosis</span> <span class='ocrx_word' id='word_1_114' title='bbox 453 3539 657 3624; x_wconf 67' lang='lat' dir='ltr'>z—Glob.</span> <span class='ocrx_word' id='word_1_115' title='bbox 672 3541 719 3642; x_wconf 84' lang='lat' dir='ltr'>i,</span> <span class='ocrx_word' id='word_1_116' title='bbox 740 3539 784 3650; x_wconf 90' lang='lat' dir='ltr'>ij.</span> <span class='ocrx_word' id='word_1_117' title='bbox 807 3541 877 3625; x_wconf 91' lang='lat' dir='ltr'>vel</span> <span class='ocrx_word' id='word_1_118' title='bbox 898 3538 955 3649; x_wconf 92' lang='lat' dir='ltr'>iij</span> <span class='ocrx_word' id='word_1_119' title='bbox 979 3540 1207 3648; x_wconf 72' lang='lat' dir='ltr'>trigesimae</span> <span class='ocrx_word' id='word_1_120' title='bbox 1233 3556 1302 3626; x_wconf 88' lang='lat' dir='ltr'>at-</span> 
     </span>
     <span class='ocr_line' id='line_1_23' title="bbox 250 3692 521 3779; baseline -0.026 0"><span class='ocrx_word' id='word_1_121' title='bbox 250 3692 521 3779; x_wconf 87' lang='lat' dir='ltr'>tenuationis.</span> 
     </span>
    </p>

    <p class='ocr_par' dir='ltr' id='par_1_9' title="bbox 305 3842 1078 3951">
     <span class='ocr_line' id='line_1_24' title="bbox 305 3842 1078 3951; baseline 0 -25"><span class='ocrx_word' id='word_1_122' title='bbox 305 3845 489 3927; x_wconf 91' lang='lat' dir='ltr'>Duratio</span> <span class='ocrx_word' id='word_1_123' title='bbox 505 3844 656 3927; x_wconf 77' lang='lat' dir='ltr'>2-—Per</span> <span class='ocrx_word' id='word_1_124' title='bbox 675 3842 955 3951; x_wconf 88' lang='lat' dir='ltr'>quadraginta</span> <span class='ocrx_word' id='word_1_125' title='bbox 974 3843 1078 3926; x_wconf 91' lang='lat' dir='ltr'>dies.</span> 
     </span>
    </p>

    <p class='ocr_par' dir='ltr' id='par_1_10' title="bbox 245 3992 1299 4231">
     <span class='ocr_line' id='line_1_25' title="bbox 305 3992 1299 4101; baseline 0.001 -23"><span class='ocrx_word' id='word_1_126' title='bbox 305 3996 451 4078; x_wconf 92' lang='lat' dir='ltr'>Antid.</span> <span class='ocrx_word' id='word_1_127' title='bbox 467 4043 522 4055; x_wconf 93' lang='lat'><em>-</em></span> <span class='ocrx_word' id='word_1_128' title='bbox 536 3994 789 4101; x_wconf 89' lang='lat' dir='ltr'>Camphora,</span> <span class='ocrx_word' id='word_1_129' title='bbox 830 3992 1005 4095; x_wconf 90' lang='lat' dir='ltr'>Vinum,</span> <span class='ocrx_word' id='word_1_130' title='bbox 1049 3994 1213 4098; x_wconf 87' lang='lat' dir='ltr'>Coffea,</span> <span class='ocrx_word' id='word_1_131' title='bbox 1254 4007 1299 4078; x_wconf 84' lang='lat' dir='ltr'>et-</span> 
     </span>
     <span class='ocr_line' id='line_1_26' title="bbox 245 4145 557 4231; baseline -0.01 -1"><span class='ocrx_word' id='word_1_132' title='bbox 245 4148 348 4231; x_wconf 86' lang='lat' dir='ltr'>Nux</span> <span class='ocrx_word' id='word_1_133' title='bbox 365 4145 557 4229; x_wconf 88' lang='lat' dir='ltr'>Vomica.</span> 
     </span>
    </p>
   </div>
   <div class='ocr_carea' id='block_1_6' title="bbox 0 0 1534 5040">
    <p class='ocr_par' dir='ltr' id='par_1_11' title="bbox 0 0 1534 5040">
     <span class='ocr_line' id='line_1_27' title="bbox 0 0 1534 5040; baseline 0 6"><span class='ocrx_word' id='word_1_134' title='bbox 0 0 1534 5040; x_wconf 95' lang='lat' dir='ltr'> </span> 
     </span>
    </p>
   </div>
  </div>
 </body>
</html>
