3058 5040
169 359 174 366 ·
282 341 336 415 88
629 365 982 420 ruauuacoruna

280 525 427 608 Laetis
451 529 593 635 granis
611 543 701 612 ter:
734 532 889 614 deinde
920 560 1017 614 cum
1039 529 1195 642 Spiritu
1220 531 1323 615 Vini

280 700 416 782 usque
435 678 490 757 ad
508 679 767 786 trigesimam
785 682 1036 765 dilutionem
1055 695 1241 766 attenua.

334 825 467 908 Dosis
482 828 678 911 :-Glob.
699 829 726 909 i.
749 843 822 912 aut
835 830 881 940 ij.
903 833 1128 940 trigesima
1154 846 1323 915 attenu-

279 973 443 1058 ationis.

472 1185 592 1252 KALI
618 1187 875 1254 NITRICUM.
918 1187 1127 1256 NITRUM.

567 1357 704 1435 Triginta
717 1356 932 1415 attenuationes
952 1340 1031 1435 (X).

332 1514 473 1595 Unam
491 1516 674 1598 Nitratis
693 1516 885 1624 Potassae
902 1518 1130 1624 partemin
1155 1517 1319 1600 duabus

276 1695 398 1774 aquae
417 1666 618 1748 ferventis
637 1665 828 1774 partibus
848 1666 966 1748 solve
983 1664 1167 1773 huicque
1184 1665 1318 1773 liquo·

273 1842 364 1898 rem
403 1816 655 1899 Carbonatis
694 1816 885 1898 Potassae
924 1814 1078 1922 adjice,
1120 1813 1319 1922 quamdiu

275 1966 434 2074 aliquid
453 1966 728 2046 demittatur:
758 1966 857 2045 dein
890 1966 987 2048 cola
1018 1993 1097 2075 per
1129 1965 1318 2048 chartam

273 2113 479 2215 bibulam,
503 2142 599 2223 quae
623 2115 803 2197 carbone
828 2115 872 2194 in
898 2116 1116 2224 pulverem
1143 2113 1318 2197 redacto

273 2264 329 2352 ad
362 2266 522 2349 cultelli
554 2265 801 2376 posterioris
831 2265 962 2373 partis
1000 2264 1319 2347 crassitudinem

274 2417 499 2499 sternitur:
533 2443 736 2498 consume
763 2417 902 2496 donec
925 2413 1111 2522 crystalli
1139 2415 1242 2495 fiant
1274 2427 1317 2498 et

269 2569 368 2648 loco
386 2565 539 2673 frigido
558 2591 727 2676 sepone.
760 2565 830 2647 Ne
846 2562 1029 2647 Acidum
1043 2563 1317 2646 Muriaticum

270 2703 418 2814 restet,
435 2740 595 2822 paucas
610 2713 786 2821 liquoris
799 2713 980 2795 Nitratis
997 2712 1161 2822 argenti
1173 2725 1316 2821 guttas

272 2863 421 2973 adjice.

327 3016 489 3126 Recipe
515 3044 644 3097 unum
668 3015 856 3100 Potassae
882 3013 1061 3096 Nitratis
1085 3013 1317 3121 purificata

270 3194 447 3282 granum
466 3177 509 3247 et
528 3178 595 3247 ter
613 3191 710 3246 cum
732 3164 944 3245 Saccharo
970 3161 1115 3242 Laetis
1144 3173 1319 3244 attenua

271 3318 327 3401 ad
343 3316 512 3399 tertiam
537 3313 787 3410 dilutionem
800 3340 936 3423 usque
956 3345 965 3391 z
1000 3311 1152 3393 deinde
1172 3313 1227 3394 ad
1241 3313 1315 3394 tri-

269 3467 474 3574 gesimam
493 3489 588 3543 cum
608 3461 708 3544 Vini
729 3462 898 3574 Spiritu.

324 3616 456 3712 Dosis
475 3613 673 3696 z-Glob.
707 3615 734 3694 i.
764 3625 837 3696 aut
869 3614 914 3722 ij.
947 3614 1173 3722 trigesimae
1207 3626 1314 3698 atte-

267 3767 492 3854 nuationis.

323 3915 643 4000 Antia-Odor
669 3915 849 4026 Spiritus
879 3913 993 3995 Nitri
1022 3914 1173 3996 Dulcis
1194 3941 1311 4018 com·

267 4069 429 4186 pescit3
463 4063 703 4178 Camphora
723 4077 865 4147 autem
886 4075 1026 4174 auget.
