3058 5040
532 401 888 456 llOMOEOPATHICA.

502 629 667 698 CARBO
691 629 939 697 ANIMALIS.

492 791 626 870 Triginta
640 793 853 852 attenuationes
868 773 950 872 (X).

249 907 320 991 Ad
330 912 565 1019 parandum
580 912 821 995 Carbonem
828 914 1068 994 Animalem
1083 914 1242 996 corium

191 1057 400 1141 bubulum
429 1060 684 1144 carbonibus
718 1062 962 1144 ardentibus
999 1062 1238 1172 interpone,

192 1223 239 1292 ut
260 1211 547 1313 comburatur,
569 1212 707 1294 donec
723 1214 902 1293 flammae
920 1213 1046 1320 plane
1062 1213 1240 1294 exstine-

191 1377 247 1441 tae
269 1360 378 1458 sint3
413 1390 498 1469 quo
519 1363 634 1445 facto
654 1363 757 1445 corii
776 1363 1007 1444 etiamnum
1023 1363 1242 1447 candentis

194 1510 386 1592 ardorem
408 1538 536 1618 quam
569 1513 748 1618 primum
773 1511 929 1594 tabulis
961 1512 1139 1621 lapideis
1168 1516 1242 1596 im-

192 1659 344 1767 positis
363 1661 533 1771 penitus
553 1663 749 1770 reprime,
772 1689 826 1743 ne
847 1663 954 1745 aeris
975 1691 1148 1747 accessu
1164 1695 1243 1749 nu-

193 1810 358 1912 triatur,
380 1839 487 1894 neve
510 1812 651 1894 Carbo
671 1813 714 1892 in
735 1812 897 1894 eineres
916 1823 1116 1894 mutetur.

251 1961 393 2069 Hujus
412 1989 543 2042 unum
562 1988 739 2069 granum
771 1963 948 2044 terendo
979 1990 1075 2043 oum
1106 1991 1241 2046 nona-

194 2112 315 2219 ginta
333 2138 488 2195 novem
508 2110 708 2206 Sacchari
730 2109 875 2192 Laetis
895 2109 1036 2217 granis
1070 2123 1244 2194 attenua

195 2263 251 2343 ad
283 2263 452 2344 tertiam
484 2261 749 2360 dilutionem,
781 2259 934 2341 deinde
967 2259 1083 2342 solve
1113 2260 1243 2343 vicies

195 2412 353 2521 septies
373 2413 417 2493 in
434 2411 536 2493 Vini
558 2411 716 2519 Spiritu
736 2436 871 2516 usque
891 2409 945 2490 ad
970 2409 1240 2517 trigesimam.

251 2561 384 2643 Dosis
398 2561 520 2642 :—In
549 2559 762 2670 plerisque
791 2557 950 2640 morbis
981 2560 1095 2667 glob.
1125 2561 1246 2646 ivel

193 2709 237 2821 ij.
254 2710 467 2819 vigesimae
480 2723 660 2817 quartae3
683 2709 727 2790 in
738 2707 897 2790 morbis
909 2736 1026 2811 ver0,
1042 2711 1116 2792 ubi
1128 2713 1246 2797 nervi

197 2859 321 2941 nimis
343 2871 440 2940 sunt
460 2859 626 2958 irritati,
649 2857 764 2980 glob.
788 2857 816 2938 i.
838 2859 906 2940 vel
926 2859 971 2968 ij.
994 2862 1231 2969 trigesimae.

252 3009 547 3090 Durat—Per
564 3007 729 3116 viginti,
750 3008 836 3090 imo
855 3008 1028 3116 triginta
1047 3039 1121 3095 sex
1140 3017 1242 3098 dies.

254 3160 706 3267 Antid.-Camphora
723 3157 834 3239 vires
853 3158 1032 3266 mitigat.

459 3458 624 3524 CARBO
650 3456 990 3522 VEGETABILIS.

493 3605 629 3682 Triginta
641 3605 853 3662 attenuationes
868 3586 952 3679 (X).

259 3722 560 3831 Cujusounque
578 3721 682 3829 ligni
704 3719 860 3821 Carbo,
891 3722 965 3828 qui
981 3721 1091 3805 bene
1113 3736 1155 3807 et
1173 3753 1250 3834 per

203 3875 305 3958 satis
338 3875 514 3979 longum
548 3883 717 3978 tempus
749 3871 935 3972 canduit,
977 3872 1125 3953 iisdem
1160 3875 1248 3957 fere

204 4049 374 4132 semper
391 4021 525 4129 pollet
544 4018 703 4101 viribus
720 4016 909 4116 medicis,
927 4044 1056 4124 quare
1074 4021 1249 4125 perinde

205 4185 287 4272 est,
317 4172 404 4252 sive
433 4167 588 4277 petulae
618 4167 704 4249 sive
733 4167 927 4271 fagorum
957 4167 1044 4248 sive
1075 4167 1249 4251 aliarum
