3084 5040
523 396 883 454 noumoenrmca
1173 373 1226 456 37
1260 405 1263 410 ’

179 558 329 642 scribe.
388 562 559 645 Deinde
581 541 766 646 ¹attenua
790 564 853 646 ad
884 560 1132 645 dilutionem
1151 558 1225 640 tri-

179 711 397 817 gesimam.

234 860 367 944 Dosis
384 862 584 945 2—Glob.
605 862 649 973 ij.
671 864 741 946 vel
758 862 816 972 iij.
837 861 1050 970 vigesimae
1069 871 1228 969 quartae
1253 849 1257 856 ’

177 1008 222 1088 in
242 1011 401 1094 morbis
421 1011 641 1113 chronicis,
662 1012 706 1094 in
726 1015 860 1096 acutis
878 1038 981 1096 vero
1007 1010 1228 1094 tricesimae

179 1160 496 1242 attenuationis.

235 1310 420 1392 Duratio
440 1313 590 1396 :-Per
609 1312 1057 1423 duodequinquaginta
1068 1313 1206 1395 horas.

235 1461 579 1547 Antia—Attide
597 1466 837 1574 plantarum
853 1465 922 1547 vel
940 1464 1118 1547 Vinum.

423 1723 639 1790 AETHUsA
662 1723 920 1790 CYNAPIUM
945 1724 985 1789 L.

348 1863 640 1966 (Coriendrum
662 1865 899 1973 Cynapium
917 1863 1063 1966 Roth.)

472 2031 587 2090 Novem
602 2032 814 2090 attenuationes
829 2013 939 2110 (lli).
1163 1987 1166 1994 Δ

238 2162 394 2244 Totam
412 2161 604 2269 plantam
624 2160 776 2241 eodem
799 2159 940 2255 modo,
963 2185 1048 2266 quo
1067 2158 1226 2241 Aeoni-

173 2325 290 2412 'tum‚
312 2338 429 2420 para.

215 2527 222 2533 .
238 2453 451 2560 Quoniam
469 2487 572 2544 vero
597 2462 708 2545 vires
738 2460 828 2569 ejus
847 2459 891 2541 in
911 2487 1063 2570 corpus
1083 2488 1231 2543 sanum

182 2611 372 2694 nondum
392 2611 494 2693 satis
515 2623 613 2694 sunt
637 2611 817 2719 cognitae
838 2622 966 2718 atque
986 2612 1229 2721 exploratae,

182 2786 323 2868 neque
356 2772 539 2868 tempus,
580 2758 692 2840 intra
731 2758 846 2867 quod
884 2760 1116 2842 remedium
1154 2759 1232 2841 has

174 2905 409 3020 expromit,
427 2899 567 3017 neque
588 2908 702 2990 dosis
723 2906 814 3016 ejus
830 2908 993 2990 definiri
1010 2921 1201 3017 possunt.

401 3145 646 3212 AGARICUS
671 3146 949 3212 MUSCARIUS
974 3149 1015 3214 L.

479 3299 613 3378 Triginta
626 3299 839 3358 attenuationes
855 3282 938 3376 (X).
990 3347 993 3354 .

240 3428 368 3511 Initio
390 3428 580 3510 autumni
599 3426 862 3534 colligendus
882 3440 960 3512 est.

243 3580 384 3687 Stipes
405 3589 449 3660 et
469 3577 629 3686 pileum
659 3575 769 3658 bene
798 3593 1040 3689 purgatum,
1069 3585 1234 3664 remota

185 3729 422 3839 superficie,
458 3728 503 3808 in
540 3727 676 3809 frusta
719 3729 957 3812 comminue
1004 3743 1047 3814 et
1086 3759 1234 3840 parem
1347 3735 1350 3744 '

137 3847 143 3859 ’
187 3881 367 3991 spurtus
396 3878 496 3961 vm
516 3856 798 3987 quantitatem
816 3880 1017 3965 inante:
1049 3895 1139 3966 tum
1172 3911 1233 3967 se-

184 4057 297 4142 pone
316 4057 392 4140 per
415 4041 502 4112 tres
522 4028 624 4126 dies,
646 4040 688 4110 et
707 4055 733 4111 a
750 4029 939 4132 faecibus,
962 4033 997 4114 si
1018 4060 1112 4141 quae
1130 4031 1230 4136 sint,

171 4173 396 4292 ·liquorem
409 4179 600 4276 effunde3
624 4178 724 4260 dein
739 4179 794 4261 ad
809 4179 1055 4264 dil'utionem
1070 4183 1233 4292 trigesi-
