3058 5040
312 362 367 446 62
633 399 636 402 ·
668 393 1016 448 rnnanncororrn

309 558 505 640 arborum
546 557 661 667 ligna
703 561 944 643 Carbonem
983 559 1359 669 suppeditaverint.

309 708 645 790 Hahnemannus
667 710 885 792 Carbones
907 711 1069 791 Betulae
1089 709 1274 792 adhibet.
1360 741 1365 748 ·

362 821 432 940 De
445 861 530 940 hoo·
542 859 736 940 Carbone
751 860 941 976 parando
963 860 1075 942 idern
1096 862 1226 959 valet,
1247 862 1361 967 quod

308 1011 361 1090 de
380 1008 578 1091 Carbone
598 1007 784 1090 Animali
804 1008 1062 1092 dictumest.

362 1161 494 1243 Dosis
510 1158 711 1243 z-Glob.
733 1160 759 1239 i.
780 1161 848 1242 vel
864 1159 907 1266 ij.
925 1161 1151 1269 trigesimae
1163 1172 1360 1245 attenua-

306 1309 446 1392 tionis.

360 1461 650 1543 Durat-Per
668 1462 832 1572 viginti,
855 1463 941 1544 imo
957 1464 1131 1571 triginta
1150 1491 1226 1547 sex
1245 1465 1347 1547 dies.

359 1608 505 1692 Antid.
519 1610 820 1720 -Camphora,
849 1609 1100 1696 Arsenicum
1133 1628 1176 1698 et
1210 1616 1358 1699 Coffea

303 1761 412 1844 vires
432 1759 523 1868 ejus
542 1763 750 1870 mitigant.

359 1913 415 1994 N.
435 1912 487 1993 B.
521 1912 740 2020 Singulare
758 1927 823 1997 est
841 1916 884 1996 in
899 1917 982 1998 hoe
998 1919 1202 2020 remedio,
1222 1918 1353 2026 quod,

304 2062 386 2144 nisi
405 2062 448 2142 in
469 2062 767 2144 constituenda
795 2065 888 2146 dosi
914 2094 1061 2149 omnes
1078 2069 1246 2175 ¹regulae
1275 2069 1353 2149 ho-

303 2211 571 2320 moeopathiae
587 2223 758 2294 strenue
774 2213 1009 2297 observatae
1024 2218 1196 2312 fuerint,
1212 2216 1356 2325 primis

305 2378 403 2449 octo
422 2365 492 2446 vel
510 2391 665 2446 novem
686 2359 835 2447 diebus
853 2366 1010 2448 blande
1026 2380 1207 2467 tantum,
1225 2369 1353 2451 modo

303 2513 494 2620 remedii,
532 2540 617 2620 quo
652 2513 798 2621 aegroti
837 2515 1008 2621 quidem
1048 2519 1230 2618 vexatio,
1268 2546 1354 2599 non

303 2689 404 2744 vero
439 2662 611 2745 morbus
645 2663 735 2772 ipse
775 2663 951 2765 tollitur,
998 2693 1151 2776 corpus
1181 2668 1349 2749 afficiat.

304 2812 500 2908 Quodsi
533 2813 748 2913 acciderit,
774 2814 1015 2922 Camphorb
1050 2828 1178 2924 atque
1200 2816 1352 2897 Crudae
1507 2857 1508 2862 Ν

305 2964 463 3046 Coffeae
477 2965 661 3048 tincturb
676 2964 768 3072 ejus
779 2965 887 3048 vires
906 2968 1224 3077 exstinguendae
1238 2979 1349 3050 sunt.

668 3318 984 3385 CASCARILLA.

556 3484 743 3593 (Croton
771 3487 1000 3569 Cascarilla
1017 3485 1097 3596 L.)

360 3649 574 3731 Cortioem
600 3648 726 3756 hujus
756 3651 931 3733 remedii
965 3651 1008 3732 in
1037 3652 1254 3760 pulverem
1281 3677 1350 3733 re-

302 3800 475 3881 dactum
487 3797 637 3879 eodem
657 3799 785 3880 modo
799 3801 862 3881 uti
878 3799 1020 3882 omnia
1039 3827 1217 3908 corpora
1235 3799 1349 3922 nicea

300 3977 416 4058 para.
