3058 5040
290 347 344 422 84
639 366 989 426 rnnsnncorotm

289 545 432 614 tamen
451 535 563 616 ultra
581 534 663 619 hoe
681 548 868 644 tempus,
889 534 975 614 imo
996 529 1052 615 ad
1070 553 1225 613 novem
1246 523 1337 605 dies

292 683 551 791 producitur.

347 832 714 931 Antia-Coffea,
731 833 965 930 Pulsatilla,
983 824 1278 920 chamomilla,
1297 830 1340 901 et

295 1008 599 1090 nonnunquam
635 981 861 1081 Cocculns,
895 979 1067 1075 Amica,
1103 972 1345 1081 Camphora

298 1145 427 1240 atque
447 1132 642 1213 Acetum.

382 1367 383 1370 ’
485 1349 796 1415 INDIGOFERA
819 1343 1094 1415 'PINCTORIA
1117 1343 1158 1410 L.

592 1517 729 1595 Triginta
742 1518 955 1577 attenuationes
976 1495 1057 1593 (X).

358 1662 501 1742 Unum
534 1687 710 1768 granum
746 1632 1001 1767 Indigoferm
1040 1685 1137 1740 oum
1174 1665 1345 1736 centum

302 1810 502 1893 Saochari
520 1809 666 1891 Laetis
682 1809 821 1916 granis
836 1837 913 1918 per
926 1811 1074 1891 horam
1089 1790 1216 1888 unam
1231 1816 1342 1899 tere;

304 1962 483 2047 eandem
517 1960 706 2066 regulam
743 1985 921 2065 sequere
956 1959 1011 2040 ad
1040 1957 1210 2040 tertiam
1241 1953 1347 2034 dilu-

302 2115 487 2197 tionem:
520 2123 622 2193 tunc
652 2111 706 2191 ad
730 2109 988 2217 trigesimam
1009 2105 1347 2190 attenuationem

305 2262 470 2370 explica
491 2286 587 2340 eum
605 2258 707 2338 Vini
727 2257 898 2365 Spiritu.

358 2409 490 2491 Dosis
507 2407 706 2489 :-Glob.
721 2405 784 2515 ij„
799 2405 858 2514 iij.
875 2420 948 2488 aut
963 2407 1016 2488 iv.
1038 2403 1264 2513 trigesimae
1284 2412 1350 2483 at-

304 2557 576 2643 tenuationis,
650 2665 653 2674 Δ

361 2707 546 2787 Duratio
566 2705 815 2787 :-Circiter
842 2706 991 2787 decem
1022 2716 1094 2786 aut
1127 2702 1351 2786 duodecim

308 2857 412 2939 dies.
474 2853 701 2958 (Hartlaub
722 2866 763 2935 et
781 2854 964 2955 Trinks.)

730 3097 928 3165 JoDIUM.
1008 3039 1015 3054 *

594 3249 729 3327 Triginta
742 3251 954 3308 attenuationes
987 3230 1067 3326 (X).

365 3396 438 3476 Ad
462 3393 545 3473 hoo
575 3416 726 3497 eorpus
755 3390 968 3471 medicum
992 3391 1271 3474 obtinendum
1289 3394 1356 3474 fu-

313 3570 459 3628 corum
486 3539 800 3621 combustorum
831 3539 992 3620 eineres
1022 3542 1135 3647 aqua
1161 3541 1353 3641 infunde,

313 3705 360 3775 ut
391 3690 515 3786 sales
536 3687 608 3793 qui
626 3686 724 3766 huic
743 3685 884 3767 lixivio
917 3687 1059 3769 insunt
1095 3689 1237 3787 soluti,
1261 3716 1358 3771 con-

314 3841 407 3924 flari
443 3836 622 3947 possint.
682 3834 911 3942 Liquorem
951 3837 1236 3944 superstitem,
1274 3865 1373 3954 quo*

312 3991 494 4072 Natrum
525 3997 568 4066 et
597 3984 626 4065 J
628 3983 787 4082 odium,
815 4011 910 4090 quae
940 4014 1027 4071 non
1060 3987 1104 4066 in
1138 3985 1358 4092 crystallos

314 4139 489 4236 abeunt,
519 4134 803 4231 eontinentur,
833 4133 937 4240 igni,
959 4147 1006 4216 ut
1026 4160 1199 4241 aquosae
1219 4144 1360 4241 partes
