3084 5040
287 357 342 438 36
644 379 996 437 rnnnnmooemm

524 575 717 641 ACIDUM
741 565 1104 638 SULPHURI'CUM.

623 706 698 800 'l'res
713 704 925 764 attenuationes
940 679 1006 778 (Ι).

354 835 537 916 Acidum
560 832 855 942 Sulphurieum
879 829 1069 934 vulgare,
1099 819 1223 929 quale
1242 842 1345 900 ven·

298 987 410 1096 ditur
427 986 472 1066 in
486 986 683 1093 officinis,
714 983 813 1092 quia
830 982 1080 1090 plerumque
1109 984 1176 1054 est
1204 971 1343 1076 impu·

298 1148 452 1256 rumet
471 1137 580 1217 fusci
599 1135 766 1233 coloris,
789 1155 972 1212 necnon
986 1150 1166 1234 vapores
1182 1117 1347 1202 albidos

301 1286 485 1385 exhalat,
507 1285 643 1393 primo
673 1282 939 1393 purgandum
968 1288 1048 1375 est,
1080 1271 1195 1382 quod
1210 1271 1262 1372 fit
1281 1293 1348 1348 re·

300 1433 435 1541 petita
454 1461 508 1514 ex
518 1435 678 1514 retorta
688 1431 824 1514 vitrea
834 1429 988 1510 balneo
1005 1449 1141 1507 arenae
1151 1417 1349 1502 immersa

303 1581 603 1681 destillatione,
636 1609 720 1689 quo
750 1581 794 1660 in
822 1603 950 1686 opere
970 1570 1228 1683 perficiendo
1249 1595 1351 1649 cau-

303 1729 462 1810 tissime
481 1731 732 1811 versandum
752 1740 831 1810 est.
1232 1713 1236 1720 ’

358 1882 429 1963 Ad
459 1881 771 1964 attenuationes
799 1877 1009 1987 parandas
1043 1874 1224 1956 eundem
1252 1899 1346 1951 mo·

305 2032 421 2131 dum,
445 2058 530 2140 quo
550 2032 603 2113 de
622 2031 759 2112 Aeido
786 2025 1074 2144 Phosphorieo
1093 2032 1350 2131 praeceptum

307 2195 386 2282 est,
409 2148 600 2291 sequere.

221 2373 222 2376 Ν
361 2333 494 2416 Dosis
511 2331 710 2414 2—Glob.
730 2330 775 2439 ij
798 2328 935 2410 tertiae
956 2319 1269 2408 attenuationis.

361 2480 633 2562 Dura-Per
651 2492 832 2588 quatuor
851 2476 999 2557 saltem
1019 2469 1323 2553 hebdomadas.

364 2605 594 2756 Antidotus
608 2626 902 2710 :-Pulsatilla.

524 2807 788 2875 ACONITUM
811 2802 1068 2870 NAPELLUS
1094 2801 1135 2866 L.

602 2962 736 3039 Triginta
748 2959 961 3018 attenuatione
975 2939 1058 3035 (X).

297 3117 299 3120 ·
365 3089 509 3171 Floret
545 3079 764 3165 mensibus
793 3077 909 3159 Julio
944 3091 986 3159 et
1017 3077 1231 3185 Augusto,
1272 3102 1357 3183 quo

311 3256 504 3348 tempore
525 3230 764 3339 colligenda
784 3238 862 3310 est.

368 3391 551 3471 Suooum
571 3410 594 3464 e
615 3390 788 3462 recente
817 3375 951 3458 herba
983 3402 1224 3483 expressum
1262 3399 1358 3456 cum

309 3537 402 3649 pari
421 3533 660 3643 quantitate
681 3525 861 3634 Spiritus
873 3522 976 3604 Vini
989 3523 1136 3623 misce,
1152 3535 1195 3604 et
1211 3522 1359 3630 viginti

312 3699 494 3799 quatuor
520 3679 635 3762 horis
669 3673 950 3788 praeterlapsis
980 3674 1187 3781 liquorem
1217 3673 1355 3783 limpi-

312 3839 413 3920 dum
433 3845 476 3914 et
496 3832 656 3913 clarum
675 3821 874 3904 defunde.

367 3984 511 4065 Unam
529 3975 655 4085 hujus
671 3982 837 4080 guttam
854 3998 951 4052 cum
964 3971 1361 4078 nonagintanovem

312 4134 443 4245 guttis
464 4126 645 4239 Spiritus
666 4120 767 4203 Vini
780 4119 846 4202 bis
864 4121 995 4227 agita,
1010 4133 1053 4202 et
1066 4121 1187 4228 signo
1209 4120 1279 4232 (1)
1299 4119 1363 4201 in.
