3058 5040
257 323 312 408 94
356 329 359 334 '
609 343 963 399 ennunucormm

260 508 399 591 calore
439 509 494 590 ad
530 508 627 590 212ο
663 509 787 591 Fahr.
824 508 1054 591 accedente
1085 505 1133 586 in'
1163 531 1225 586 se.
1244 529 1305 583 re-

259 657 399 764 cipere
415 669 556 764 potest
571 692 582 756 ;
621 685 706 767 quo
718 660 850 758 lactc,
871 657 1060 741 lixivium
1076 654 1306 737 etiamnum

260 805 441 886 calidum
461 808 554 888 cola
574 817 703 914 atque
722 808 815 914 pari
835 808 977 888 calore
998 805 1124 888 sicca.
1178 801 1306 906 Mag-

258 952 419 1033 nesiam
438 951 723 1051 Muriaticam‚
747 983 841 1064 quae
859 954 983 1038 facile
1002 951 1213 1060 liquescit,
1241 951 1303 1030 la·

257 1103 370 1207 gent
388 1099 499 1184 bene
519 1101 719 1186 obturate
736 1130 908 1213 repone.

313 1250 508 1333 Eundem
527 1252 716 1354 modum,
742 1281 826 1360 quo
847 1254 900 1335 de
920 1250 1185 1360 antipsoricis
1202 1277 1305 1360 prae·

259 1413 430 1510 ceptum
449 1411 530 1496 est,
556 1425 746 1507 sequere.

311 1551 443 1632 Dosis
459 1548 658 1631 z-Glob.
690 1548 747 1658 iij.
771 1552 841 1634 vel
873 1551 928 1632 iv.
961 1560 1090 1631 sextae
1109 1558 1305 1629 attenua-

257 1698 411 1796 tionis3
452 1698 596 1781 multis
622 1711 769 1781 tamen
801 1709 1025 1786 occurrunt
1056 1694 1228 1794 morbis,
1260 1693 1306 1774 in

258 1846 411 1954 quibus
432 1845 695 1932 duodecimae
712 1847 783 1930 vel
801 1844 1162 1930 duodevicesimae.

312 1993 497 2076 Duratio
506 1993 656 2076 :-Per
669 1996 963 2104 quadraginta,
985 1994 1070 2075 imo
1086 2020 1163 2103 per
1184 1991 1304 2100 quiu-

258 2141 461 2249 quaginta
476 2141 578 2222 dies.

310 2288 774 2399 Antid.—Camphora,
796 2288 968 2372 naribus
987 2291 1174 2388 admota,
1195 2288 1305 2373 vires

258 2437 491 2545 supprimit.

475 2661 733 2732 MAGNESIA
756 2665 1079 2732 SULPHURICA.

525 2797 730 2906 (Sulphas
749 2798 1023 2908 Magnesiae.)

312 2953 457 3034 Unum
470 2954 761 3060 crystallorum
775 2979 951 3060 granum
965 2981 1059 3034 cum
1072 2955 1306 3062 nonaginta

257 3126 410 3182 novem
445 3100 644 3214 Sacchari
673 3100 818 3181 Laetis
853 3101 994 3207 granis
1023 3115 1112 3184 tere
1144 3114 1224 3197 ter,
1261 3115 1304 3184 et

258 3277 355 3330 cum
376 3247 533 3356 Spiritu
547 3248 649 3329 Vini
666 3247 795 3331 modo
812 3250 1161 3355 antipsoricorum
1177 3249 1303 3332 dilue.

588 3503 971 3572 MANGANESIUM.

314 3650 655 3759 (Mangnesium,
683 3653 948 3760 Mauganum
981 3652 1246 3762 Aceticum.)

550 3810 685 3888 Triginta
698 3811 911 3871 attenuationes
925 3795 1006 3890 (Χ).

310 3937 636 4046 Mangonesium
674 3964 751 4019 seu
788 3938 988 4048 Oxydum
1026 3940 1300 4046 Marganesii

254 4087 436 4196 Nigrum
455 4114 553 4169 cum
578 4085 669 4194 pari
691 4084 880 4192 pondere
912 4086 1030 4169 Ferri
1062 4086 1302 4196 Sulphurici
