3058 5040
286 349 343 430 60
643 383 988 438 mmunncoronn

345 544 486 625 Unam
511 545 636 653 hujus
666 551 859 634 tincturae
888 561 1053 658 guttam
1083 575 1179 628 cum
1210 544 1333 653 quin-

290 693 430 799 gentis
453 694 632 802 Spiritus
653 699 752 780 Vini
768 700 899 808 guttis
915 699 1058 781 misce.
1120 698 1231 780 Haeo
1249 691 1334 803 pri-

288 869 402 924 mam
445 846 663 930 constituit
706 851 1052 932 attenuationem.
1130 847 1336 953 Reliquas

289 996 602 1079 attenuationes
622 1000 785 1082 ratione
802 1002 990 1084 indicata
1008 1027 1123 1109 para.

342 1142 473 1226 Dosis
485 1147 684 1230 :—Glob.
698 1149 742 1256 ij.
760 1150 829 1232 vel
848 1149 904 1258 iij.
920 1150 1144 1259 trigesimae
1161 1160 1332 1231 attenu-

241 1317 244 1324 ’
288 1291 455 1374 ationis.

339 1443 524 1525 Duratio
540 1447 730 1529 :-Ultra
751 1449 1072 1556 quatuordecim
1092 1449 1194 1531 dies,

341 1592 797 1705 Antid.-Camph0ra.

682 1787 935 1874 cursicun.

531 1919 777 2027 (Capsioum
796 1924 997 2003 Annuum
1016 1921 1088 2023 L.)

570 2095 685 2152 Novem
700 2047 924 2155 attenuationes
936 2078 1042 2172 (HI).

337 2222 514 2330 Viginta
527 2249 659 2330 grana
679 2221 958 2330 Capsularum
973 2237 1016 2305 et
1035 2224 1241 2306 seminum
1254 2224 1333 2305 hu-

278 2373 348 2480 jus
381 2374 539 2480 plantae
576 2371 782 2480 (reliquas
823 2373 934 2454 enirn
968 2386 1110 2482 partes
1145 2373 1333 2481 abjicere

281 2521 417 2630 solet)
433 2522 478 2601 in
492 2521 708 2627 pulverem
723 2522 991 2603 redactorum
1007 2550 1105 2603 cum
1125 2525 1329 2630 quadrin-

282 2670 421 2780 gentis
439 2668 619 2776 Spiritus
635 2668 737 2750 Vini
756 2669 886 2774 guttis
905 2670 1050 2771 misce,
1073 2683 1116 2752 et
1130 2699 1209 2779 per
1222 2672 1333 2754 heb-

280 2819 506 2902 domadem
527 2842 703 2924 sepone,
724 2843 811 2896 non
825 2817 968 2924 ignem
987 2819 1221 2920 adhibens3
1256 2823 1334 2905 sed

279 2999 370 3070 vas
407 2996 492 3076 quo
526 2969 664 3075 liquor
699 2980 897 3075 receptus
933 2982 1010 3067 est,
1041 2973 1230 3077 quotidie
1265 2972 1333 3055 bis

279 3123 407 3230 agita.

334 3268 477 3380 Hujus
496 3268 690 3352 tincturae
719 3266 850 3374 guttis
881 3269 1029 3376 viginti
1059 3270 1179 3379 (quae
1198 3302 1332 3355 unum

279 3447 457 3531 granum
488 3417 664 3498 remedii
691 3416 905 3526 continet)
939 3422 1160 3526 octoginta
1184 3435 1332 3529 guttas

275 3571 378 3654 Vini
398 3568 579 3675 Spiritus
595 3565 744 3673 adjice.
805 3565 904 3647 Hoc
919 3569 1096 3675 primam
1109 3571 1333 3653 constituit

278 3715 616 3803 attenuationem
638 3727 766 3821 atque
789 3715 843 3796 ad
862 3743 1018 3797 nonam
1038 3717 1165 3801 dilue.

329 3864 623 3952 Dos—Glob.
645 3864 688 3972 ij.
705 3865 775 3946 vel
793 3863 851 3971 iij.
865 3891 988 3946 nonae
1009 3869 1328 3953 attenuationis,

327 4005 793 4122 Antid.--Camphorae
809 4011 993 4094 tinctura
1006 4013 1115 4098 vires
1137 4045 1330 4128 compes·

274 4173 343 4255 cit.
