3084 5040
282 308 338 390 56
635 334 983 390 euasuracomum

285 528 433 610 quere:
460 502 504 581 Si
518 529 619 583 vero
634 494 771 609 pulvis
792 502 942 602 solum,
962 502 1193 583 secundum
1208 501 1331 609 plan-

281 664 419 732 tarum
440 651 646 733 siccarum
665 652 856 758 regulam
871 679 989 760 para,
1005 678 1138 758 usque
1155 653 1210 731 ad
1225 662 1327 733 atte-

279 802 526 882 nuationem
545 802 816 908 trigesimam.

336 952 467 1033 Dosis
484 951 683 1033 :—Glob.
712 951 755 1060 ij.
783 964 855 1033 aut
883 951 941 1060 iij.
964 953 1191 1060 trigesimae
1215 964 1324 1034 atte-

278 1101 505 1183 nuationis.

334 1255 630 1336 Durat-Per
648 1283 726 1337 sex
746 1265 788 1338 e't
809 1267 907 1338 octo
928 1254 1230 1338 hebdomadas.

335 1405 669 1511 Antid—-Aqua
688 1406 841 1513 frigida
860 1418 1070 1488 tumorem
1091 1403 1324 1512 compescit

281 1553 482 1661 quamdiu
503 1581 602 1664 pars
628 1554 815 1662 corporis
843 1555 992 1637 morbo
1016 1568 1133 1637 tacta
1157 1553 1325 1635 immer-

279 1704 416 1810 gitur:
451 1679 605 1787 Oleum
639 1732 728 1786 non
761 1706 900 1803 valet3
934 1705 1014 1787 Jus
1049 1705 1219 1812 Capsici
1251 1704 1327 1786 ali-

282 1866 486 1960 quantum
506 1857 632 1938 valet.

547 2114 808 2181 CALCAREA
831 2114 1055 2181 ACETICA.

504 2274 652 2381 (Terra
668 2273 870 2356 Calcarea
884 2274 1097 2376 Acctica.)

336 2458 532 2538 Conchas
554 2457 705 2539 crudas
724 2483 801 2566 per
821 2457 970 2538 horam
988 2456 1195 2566 integram
1215 2463 1328 2568 aqua

277 2607 385 2717 purd
418 2605 608 2688 fluviatili
643 2619 801 2702 coctas,
825 2616 953 2713 atque
988 2605 1142 2689 deinde
1172 2609 1326 2690 malleo

276 2757 419 2865 ligneo
430 2757 586 2838 fractas
597 2756 736 2838 Aceto
749 2755 962 2838 destillato
976 2757 1105 2839 solve.
1126 2759 1324 2855 Acetum,

276 2920 324 2992 ut
342 2907 530 3015 perfecte
556 2905 638 2987 illis
659 2916 884 3004 saturetur,
906 2905 1042 2986 donec
1068 2904 1259 3007 ebulliat,
1280 2907 1324 2988 in

276 3084 376 3141 vase
395 3057 665 3165 porcellaneo
686 3081 836 3162 coque.
888 3053 1120 3161 Liquorem
1139 3058 1324 3139 colatum

278 3213 334 3294 ad
352 3221 518 3320 partem
539 3209 731 3316 quintam
749 3232 885 3312 usque
904 3205 1013 3313 iguis
1037 3233 1118 3313 ope
1137 3233 1320 3291 remove.

278 3359 443 3443 Coloris
464 3371 528 3440 est
547 3357 660 3456 flavi,
684 3368 813 3464 atque
835 3356 1094 3464 aliquamdiu
1112 3359 1323 3467 repositus

276 3509 496 3593 materiam
514 3508 678 3588 fuscam
696 3505 983 3612 viscidamque
999 3506 1200 3616 deponit3
1237 3537 1323 3618 quo

275 3661 406 3759 fact0‚
429 3658 561 3740 flavus
583 3655 674 3763 ejus
694 3656 809 3738 calor
829 3656 1018 3738 redditur
1033 3657 1194 3739 clarior.
1229 3660 1322 3769 Spi-

275 3810 379 3892 ritus
391 3807 492 3889 Vini
508 3807 681 3888 adfusus
700 3807 1054 3889 medicamentum
1067 3819 1217 3890 contra
1230 3835 1322 3893 mu-

276 3985 419 4046 corem
436 3968 590 4039 tuetur.

329 4109 462 4193 Dosis
481 4145 489 4190 :
509 4157 563 4170 -
577 4110 712 4191 Gutta
748 4109 915 4214 integra
947 4108 1158 4192 interdum
1192 4113 1320 4198 nimia
