3084 5040
266 353 319 425 32
621 374 967 428 rrlannaoortnra

322 538 377 621 N.
392 539 443 620 Β.
482 537 592 622 Cum
622 541 705 624 hoc
738 541 906 623 acidum
939 542 1062 624 facile
1094 541 1234 624 avolet
1270 554 1314 624 et

268 691 470 791 solvatur,
493 691 644 800 saepius
664 692 805 773 denuo
829 693 1064 802 parandum
1083 706 1161 774 est.
1209 691 1317 772 Cum

268 870 370 924 vero
403 840 494 951 ejus
524 842 633 924 vires
670 843 715 923 in
745 870 897 952 corpus
942 869 1091 924 sanum
1128 842 1317 924 nondum

268 992 403 1100 probe
423 993 653 1101 exploratae
677 994 775 1091 sint,
802 994 1132 1103 homoeopathici
1160 993 1315 1075 medici

267 1144 452 1226 Prunum
463 1143 810 1244 Laurocerasum,
829 1145 883 1226 dc
903 1171 987 1253 quo
1003 1144 1112 1225 infra
1131 1145 1209 1225 erit
1226 1169 1314 1224 ser-

269 1322 361 1396 mo,
374 1294 414 1375 ei
430 1295 672 1402 praeferunt.

519 1477 713 1542 ACIDUM
736 1479 1067 1545 MURIATICUM.

600 1626 675 1685 Tres
689 1627 901 1686 attenuationes
914 1608 983 1704 (i).

324 1754 564 1862 Diligenter
591 1753 858 1862 purgandum
891 1766 955 1836 cst
986 1753 1039 1836 ab
1060 1754 1199 1835 Acido
1220 1754 1316 1834 Sul-

269 1907 463 2019 phurico,
486 1906 602 2016 quod
636 1932 748 2014 saepe
781 1906 821 1987 ei
848 1906 1037 1989 inhaeret.
1090 1905 1142 1988 Id
1171 1908 1218 1989 fit
1246 1908 1316 1991 vel

272 2058 456 2169 repetita
477 2085 603 2167 supra
631 2058 814 2139 Natrum
837 2058 1111 2140 Muriaticum
1131 2058 1319 2140 destilla-

271 2211 405 2312 tione,
427 2212 511 2312 vel,
533 2211 650 2319 quod
667 2209 818 2292 melius
848 2222 929 2310 est,
962 2210 1102 2291 denuo
1123 2207 1320 2290 instituta

271 2359 1320 2476 destillatione,postquamBarytaMuriaticopraa·

271 2514 492 2622 cipitatum
503 2539 640 2621 eoque
655 2512 708 2593 ab
725 2513 841 2594 omni
852 2511 988 2593 Acido
1003 2511 1253 2620 Sulphurico
1264 2511 1315 2593 li-

272 2663 467 2746 beratum
481 2660 574 2744 fuit.
728 2667 730 2674 ’

329 2815 469 2898 Unam
486 2811 613 2924 hujus
629 2815 739 2896 acidi
757 2826 923 2924 guttam
942 2814 1072 2897 misce
1088 2815 1321 2923 nonaginta

274 2993 428 3051 novem
459 2965 591 3073 guttis
623 2966 825 3049 tenuioris
853 2965 1024 3072 spiritus
1052 2963 1138 3046 vini
1170 2962 1320 3071 (quie

274 3117 454 3200 totidem
473 3115 604 3223 guttis
634 3143 755 3223 aquae
783 3114 1004 3198 destillatae
1033 3125 1076 3196 et
1104 3112 1321 3196 fortissimi

275 3269 444 3379 spiritus
462 3266 550 3352 vini
564 3267 707 3350 decies
721 3264 1076 3374 repetittbrachii
1091 3264 1320 3372 agitatione

274 3403 446 3528 paratus
466 3443 561 3501 esse
581 3417 754 3527 debet)
769 3415 1075 3523 brachiumque
1095 3413 1161 3496 bis
1182 3413 1315 3522 agita:

274 3571 365 3651 haec
392 3568 626 3651 attenuatio
649 3591 662 3644 1
685 3567 892 3676 signanda
920 3576 999 3647 est.
1055 3564 1228 3646 Deinde
1255 3575 1319 3647 at·

276 3732 408 3802 tenua
429 3717 482 3799 ad
503 3717 750 3800 dilutionem
769 3717 950 3798 tertiam.

330 3865 1321 3975 Dosisz--Globuliij.velplurestertiaeattenu-

275 4020 441 4106 ationia

330 4180 385 4260 N.
402 4181 453 4261 Β.
487 4177 814 4261 Attenuationes
829 4204 977 4258 recens
996 4178 1195 4285 parandae
1211 4188 1322 4258 sunt.
