3058 5040
528 375 891 430 noumornrrucA.
1152 351 1231 436 109

409 655 610 722 PAEONIA
633 654 937 722 OFFICINALIS
969 655 1009 722 L.

513 828 588 889 Tres
602 829 814 889 attenuationes
829 808 896 907 (i).

238 979 464 1064 Mensibus
484 961 645 1063 Martio
666 992 709 1063 et
729 977 865 1090 Aprili
888 980 1127 1088 colligenda
1149 992 1228 1064 est.

240 1130 425 1214 Succum
455 1159 478 1214 e
506 1130 647 1213 radice
676 1157 825 1212 recens
859 1155 1106 1239 expressum
1137 1128 1231 1238 pari

184 1279 367 1390 Spiritus
387 1279 489 1362 Vini
510 1281 749 1390 quantitate
764 1279 910 1379 misce,
934 1289 977 1362 et
997 1279 1052 1361 ad
1064 1281 1234 1363 tertiam

186 1431 525 1513 attenuationem
545 1431 671 1514 dilue.

211 1649 212 1654 Ν
240 1580 540 1664 Dos-Glob.
554 1581 598 1691 ij.
611 1582 681 1666 vel
692 1580 751 1690 iij.
766 1581 901 1663 tertiae
916 1580 1230 1665 attenuationis

426 1855 566 1922 PARIS
590 1857 932 1934 QUADRIFOLIA
956 1858 996 1922 L.

476 2051 592 2112 Novem
606 2056 818 2117 attenuationes
833 2035 942 2134 (ῙῙῙ).

240 2206 466 2290 Mensibus
503 2207 655 2316 Aprili,
696 2208 816 2290 Maio
856 2219 900 2291 et
944 2207 1075 2291 Junio
1113 2209 1232 2291 colli-

186 2358 330 2467 genda
349 2369 428 2439 est.

244 2508 429 2590 Succum
466 2535 490 2590 e
526 2509 689 2616 planta,
731 2536 816 2616 quo
854 2522 1046 2619 tempore
1084 2511 1235 2592 florere

188 2658 335 2767 coepit,
369 2686 519 2741 recens
544 2685 787 2767 expressum
814 2689 911 2743 cum
940 2661 1031 2768 pan'
1058 2662 1237 2771 Spiritus

186 2808 291 2891 Vini
311 2808 548 2917 quantitate
579 2809 820 2912 commisce,
840 2822 883 2894 et
910 2812 965 2894 ad
990 2840 1148 2894 nonam
1171 2811 1235 2894 di-

186 2958 397 3040 lutionem
417 2957 595 3067 explica.

246 3107 379 3190 Dosis
398 3109 598 3192 z-Glob.
619 3108 667 3218 ij.
689 3136 813 3192 nonae
833 3111 1145 3195 attenuationis

557 3386 878 3456 PETROLEUM.

529 3536 711 3647 (Oleum
727 3536 904 3647 Petrae.)

427 3719 640 3810 Duodeviginti
653 3731 866 3790 attenuationes
892 3711 996 3809 (Vi).

246 3875 504 3976 Petroleum,
536 3873 652 3981 quod
681 3873 726 3954 in
757 3873 969 3956 medicina
1001 3879 1239 3958 exercenda

192 4026 430 4125 adhibetur,
453 4024 582 4106 debet
606 4049 701 4106 esse
731 4023 1069 4133 limpidissimum
1096 4037 1139 4108 et
1167 4054 1238 4109 co·

191 4178 280 4260 lore
314 4178 410 4260 laete
440 4177 550 4259 flavo
580 4174 774 4274 tinctum,
808 4174 965 4284 quippe
1002 4203 1086 4284 quo
1116 4177 1237 4286 signo
