3058 5040
320 363 399 434 124
662 387 1016 443 rnnannoorotm

527 566 782 635 SELENIUM
809 566 1151 634 METALLICUM.

607 736 743 816 Triginta
755 738 968 797 attenuationes
991 719 1070 812 (X).

371 867 527 949 Purum
558 872 777 951 metallum
810 900 897 954 non
937 872 1155 955 oxidatum
1191 866 1359 951 adhibe.

315 1014 497 1097 Modum
524 1019 875 1126 antipsoricorum
901 1047 1080 1128 granum
1104 1046 1236 1100 unum
1265 1045 1361 1099 oum

318 1161 517 1245 Sacchari
534 1166 681 1248 Laetis
701 1169 1108 1275 nonagintanovem
1135 1169 1278 1276 granis
1297 1178 1362 1247 ter

314 1315 491 1395 terendo
505 1303 699 1424 sequere,
709 1330 752 1400 et
764 1346 898 1425 usque
913 1320 969 1401 ad
979 1318 1238 1426 trigesimam
1250 1328 1360 1398 atte-

314 1462 560 1546 nuationem
579 1431 678 1548 oum
697 1468 857 1575 Spiritu
874 1469 976 1550 Vini
988 1469 1115 1551 dilue.

353 1605 597 1698 ‘Doa—Glr
612 1618 639 1699 i.
656 1621 725 1702 vel
738 1618 782 1726 ij.
802 1619 1029 1726 trigesimae
1043 1617 1359 1701 attenuationis.

731 1802 940 1867 SENEGA.

573 1932 803 2043 (Polygala
822 1936 991 2041 Senega
1014 1932 1094 2041 L.)

518 2196 522 2202 Ι
576 2107 740 2166 Duodecim
755 2109 968 2166 attenuationes
992 2091 1093 2187 (IV).

369 2245 495 2327 Hane
514 2244 700 2325 radicem
721 2242 873 2323 eodem
892 2242 1021 2324 modo
1052 2269 1137 2350 qno
1168 2245 1361 2352 antipso-

312 2396 399 2478 rioa
417 2422 522 2501 para
540 2405 583 2476 et
611 2393 665 2473 ad
697 2391 992 2474 duodecimam
1025 2393 1361 2476 attenuationem

269 2563 272 2572 ’
314 2543 489 2650 explica.

320 2693 322 2698 ’
366 2686 657 2769 DoS.-—Glob.
670 2686 715 2795 ij.
730 2713 853 2769 nonae
867 2688 1177 2806 attenuationis*
1191 2691 1235 2770 in
1251 2717 1359 2770 mor-

311 2837 378 2920 bis
398 2836 618 2932 chronieiS,
640 2836 685 2916 in
705 2835 839 2917 aoutis
857 2862 959 2918 vero
979 2835 1254 2918 duodecimae.

242 3067 245 3072 .
367 2949 550 3067 Duratio
562 2984 672 3065 z—Si
685 2984 810 3063 doses
821 3009 985 3089 magnae
1001 2982 1169 3084 dentur,
1185 3009 1264 3091 per
1274 2949 1359 3067 tres

312 3147 384 3218 aut
404 3144 586 3243 quatuor
603 3131 907 3213 hebdomadaa

365 3279 822 3388 Antid-Camphora,
844 3279 1018 3379 Amica,
1039 3279 1238 3389 Bryonia,
1261 3281 1358 3363 Bel-

311 3431 506 3513 ladonna.

751 3561 926 3628 SENNA.

580 3698 743 3804 (Senna
762 3696 1084 3798 Alexandrina.)

637 3874 697 3932 Sex
710 3873 923 3933 attenuationes
939 3855 1029 3950 (ll).

367 4005 509 4086 Unam
527 4013 693 4112 partem
704 4001 900 4081 foliorum
912 4000 956 4082 in
972 4001 1191 4109 pulverem
1206 4002 1353 4116 redac-

313 4168 454 4237 torum
491 4178 587 4232 oum
624 4149 772 4255 viginti
814 4148 992 4254 Spiritus
1025 4147 1127 4229 Vini
1162 4149 1353 4257 partibus
