3058 5040
235 371 242 380 ’
291 391 368 466 102
639 409 989 465 runnuncorrura

290 577 424 660 tribus
456 577 666 660 drachmis
690 579 827 686 Aquae
856 576 1126 659 Destillatae:
1172 571 1268 653 cola
1298 580 1342 650 et

291 728 432 809 calore
459 726 614 836 gradds
638 725 749 806 122¹¹²i
774 726 1000 836 (Fahren.)
1029 746 1230 805 consume
1261 718 1339 798 do·

291 905 372 959 neo
391 879 578 987 crystalli
607 879 740 975 fiant3
775 878 874 959 dein
903 876 1049 958 charta
1078 871 1228 956 bibula
1262 870 1342 950 sie-

292 1055 356 1109 ca.
426 1029 589 1138 Recipe
633 1055 764 1109 unum
806 1026 1097 1136 crystallorum
1134 1023 1343 1103 siccorum

291 1205 484 1286 granum,
495 1192 537 1261 et
553 1181 682 1260 modo
694 1179 976 1261 remediorum
991 1174 1343 1284 antipsoricorum

289 1355 395 1437 para
422 1357 518 1412 cum
539 1330 750 1413 Saccharo
768 1329 915 1410 Laetis
934 1353 1069 1436 usque
1097 1323 1153 1408 ad
1173 1323 1344 1407 tertiam

291 1479 643 1582 attenuat-ionem,
667 1493 821 1562 etcum
840 1479 942 1562 Vini
963 1477 1121 1588 Spiritu
1140 1476 1196 1559 ad
1215 1475 1342 1582 trige-

291 1628 452 1712 simam.

345 1779 683 1864 Dosis:—Glob.
701 1781 728 1861 i.
747 1792 819 1862 aut
831 1780 876 1889 ij.
897 1779 1122 1886 trigesimae
1143 1787 1340 1860 attenua·

291 1929 433 2012 tionis.

346 2081 529 2163 Duratio
547 2081 742 2164 :—-Ultra
762 2081 1044 2189 quadraginta
1063 2079 1166 2162 dies,

345 2231 795 2338 Antid-Camphora
807 2240 851 2312 et
861 2229 981 2311 Odor
995 2228 1174 2337 Spiritus
1187 2227 1341 2311 AEthe-

291 2381 347 2463 ris
365 2381 531 2464 Nitriai.
592 2493 594 2496 Ι

515 2598 730 2665 NATRUM
754 2597 1121 2666 SULPHURICUM.

584 2745 718 2823 Triginta
731 2745 944 2804 attenuationes
959 2725 1043 2825 (X).
1070 2829 1072 2840 A

350 2873 449 2954 Hoc
467 2873 595 2979 vulgo
630 2871 701 2952 Sal
735 2868 937 2954 Mirabile
973 2871 1177 2955 Glauberi
1196 2877 1343 2985 appel-

291 3020 426 3105 latum
446 3020 674 3116 obtinetur,
703 3021 805 3102 dum
834 3020 906 3104 Sal
935 3023 1260 3108 Ammoniacum
1278 3029 1338 3109 fit.

291 3174 452 3282 Recipe
467 3201 598 3254 unum
611 3171 825 3280 Sulphatis
834 3173 958 3254 Sodae
969 3200 1146 3280 granum
1158 3188 1200 3257 et
1213 3178 1342 3262 modo

293 3324 573 3407 remediorum
587 3320 1225 3429 antipsoricorumcumcentum
1238 3327 1341 3411 Sao·

294 3475 412 3556 chari
424 3471 570 3556 Laetis
582 3471 723 3580 granis
738 3468 794 3551 ad
805 3472 976 3553 tertiam
991 3476 1341 3582 attenuationem,

295 3636 338 3709 et
354 3652 451 3707 cum
462 3621 566 3706 Vini
587 3621 746 3731 Spiritu
757 3647 893 3730 usque
913 3622 968 3704 ad
987 3621 1247 3731 trigesimam
1267 3654 1341 3712 ex-

291 3777 415 3892 plica.

349 3922 693 4012 Dosis:-Glob.
714 3923 742 4005 i.
761 3936 833 4005 aut
847 3923 892 4033 ij.
911 3923 1135 4032 trigesimae
1147 3939 1342 4016 attenua-

294 4079 433 4164 tionis.
