3058 5040
489 399 874 454 *noumornrnrcm
1166 381 1218 462 77
1297 477 1299 482 ¹

176 561 309 643 serius
349 563 540 644 collectae
571 565 728 673 plantae
761 565 942 674 primum
980 563 1024 644 in
1054 564 1217 670 pultem

175 719 348 792 tenuem
364 714 637 813 contundere,
656 726 784 820 atque
797 712 949 794 deinde
961 710 1119 819 aliquid
1129 712 1218 820 Spi-

175 857 280 940 ritus
296 859 412 959 Vini,
436 887 521 966 quo
538 872 796 959 attenuetur,
819 857 1063 941 adfundere.

229 1008 426 1090 Eundem
446 1008 634 1107 modum,
665 1035 752 1115 qno
771 1008 815 1088 in
832 1007 1048 1115 plantibus
1067 1035 1214 1091 reeen-

174 1155 306 1256 tibus,
329 1183 508 1264 sequere
532 1169 575 1238 et
597 1157 651 1238 ad
682 1156 942 1263 trigesimam
970 1157 1216 1238 dilutionem

175 1304 355 1410 explica.

230 1453 363 1533 Dosis
376 1454 568 1536 :-Glob.
590 1454 632 1563 ij
650 1455 877 1562 trigesimae
898 1456 1214 1537 attenuationis.

377 1733 653 1800 EVONYMUS
678 1734 956 1802 EUROPAEUS
982 1737 1023 1800 L.

502 1893 561 1950 Sex
575 1895 787 1952 attenuationes
803 1877 891 1970 (II).

229 2025 426 2125 Fructus,
464 2026 564 2106 dum
586 2024 833 2125 rubescunt,
870 2026 983 2134 quod
1006 2031 1052 2109 fit
1071 2057 1218 2114 mense

105 2190 107 2194 ’
172 2173 387 2278 Auguste,
429 2173 627 2280 exprime.
701 2173 809 2255 Cum
848 2202 948 2256 vero
982 2204 1134 2283 parcus
1168 2180 1219 2260 iis

153 2298 274 2404 'insit
308 2349 473 2420 succus,
508 2325 752 2430 priusquam
778 2326 1108 2425 contundantur,
1141 2329 1217 2409 ali·

175 2470 279 2576 quid
292 2469 472 2576 Spiritus
485 2471 587 2551 Vini
601 2471 809 2571 admisce3
828 2472 983 2555 deinde
999 2485 1083 2556 tres
1097 2475 1220 2585 hujus

174 2623 370 2703 tincturae
389 2633 531 2728 guttas
551 2648 648 2701 cum
662 2621 893 2727 nonaginta
905 2636 1069 2731 septem
1088 2629 1219 2731 guttis

174 2770 289 2851 Vini
312 2768 490 2877 Spiritus
521 2768 664 2848 misce.
726 2766 825 2848 Hoc
855 2769 1032 2875 primam
1060 2776 1217 2858 consti.

174 2919 256 3000 tuit
270 2918 621 3000 attenuationem.
686 2916 852 2996 Deinde
879 2917 934 2998 ad
961 2931 1124 3001 sextam
1153 2924 1217 3003 di-

173 3066 380 3147 lutionem
398 3055 514 3172 para.
550 3139 576 3159 ,
641 3135 644 3142 .

230 3213 386 3293 Dos.-.-
394 3212 522 3326 Glob.
539 3211 585 3318 ij.
602 3213 670 3293 vel
684 3211 741 3317 iij.
759 3223 888 3294 sextae
903 3215 1216 3300 attenuationis.

492 3482 619 3548 FABA
644 3484 900 3549 PICHURIM.

164 3693 168 3702 .
220 3642 402 3746 (Laurus
421 3641 657 3738 Pichurim;
687 3612 916 3724 Lauraster
936 3641 1181 3730 Ambiensis
1312 3757 1313 3760 p

588 3781 795 3888 Rumph.)

511 3962 586 4019 Tres
601 3961 813 4021 attenuationes
828 3945 893 4039 (I).

233 4113 396 4221 Viginti
424 4111 602 4219 Spiritus
627 4110 728 4191 Vini
753 4125 896 4219 partes
919 4116 992 4195 uni
1011 4118 1221 4201 Fabamm
1352 4163 1356 4175 ·
