3058 5040
537 400 896 455 nonmorrrurom
1157 375 1234 456 117

188 567 463 674 praeterlapso
501 567 720 675 limpidum
756 568 978 673 liquorem,
1019 563 1092 670 qui
1127 560 1235 642 fusoi

191 724 256 794 est
273 715 438 816 eoloris,
461 742 487 796 a
512 715 685 798 faeoibus
717 717 900 825 delapsis
921 740 1097 822 separa3
1136 710 1235 792 dein

190 862 245 942 ad
266 863 561 948 duodecimam
580 865 916 947 attenuationem
939 864 1118 971 explica.
1173 923 1175 932 .

243 1011 578 1096 Dosis:-Glob.
613 1015 640 1094 i.
670 1015 740 1096 vel
768 1012 809 1121 ij.
842 1025 971 1095 sextae
1005 1010 1232 1093 attenuati-

188 1159 283 1240 onis
302 1162 346 1241 in
363 1162 576 1271 plerisque
595 1161 770 1262 morbis,
783 1190 908 1244 nonae
927 1188 1028 1245 vero
1046 1160 1116 1243 vel
1133 1161 1234 1241 duo-

190 1303 366 1392 decimae
382 1312 564 1419 aegrotis,
587 1313 660 1421 qui
677 1313 800 1396 valde
820 1311 982 1394 debiles
1002 1321 1113 1392 sunt.

344 1533 676 1600 RANUNCULUS
701 1532 1019 1600 SCELERATUS
1044 1531 1084 1596 L.

484 1689 619 1767 Triginta
631 1689 842 1748 attenuatioues
857 1669 944 1765 (X).

248 1832 548 1913 Ranunoulum
562 1832 825 1913 Sceleratum
840 1831 991 1912 eodem
999 1830 1142 1929 modo,
1152 1857 1238 1937 quo

191 1979 447 2079 Bulbosum,
468 1991 606 2061 tracta
624 1992 667 2062 et
696 1979 751 2060 ad
780 1973 1040 2086 trigesimam
1069 1990 1237 2060 attenu-

193 2130 382 2211 ationem
402 2129 580 2236 explica.

249 2278 383 2360 Dosis
396 2277 589 2360 :-Glob.
613 2279 657 2386 ij.
679 2305 804 2359 nonae
822 2278 867 2358 in
892 2276 1051 2360 morbis
1078 2276 1240 2358 diutur-

191 2427 275 2527 nis,
295 2426 521 2533 trigesimae
539 2452 640 2510 vero
659 2426 961 2510 attenuationis
980 2425 1025 2507 in
1045 2425 1192 2506 acutis.

581 2658 853 2725 RATANHIA.

398 2807 646 2918 (Krameria
664 2808 869 2892 Triandra
888 2809 1039 2920 Ruiz.)
1150 2900 1153 2906 ยน

526 2984 601 3044 Tres
615 2986 827 3046 attenuationes
841 2969 908 3065 (l).

252 3120 426 3202 Maoera
445 3145 573 3200 unam
591 3117 743 3199 radicis
761 3119 805 3199 in
822 3120 1040 3227 pulverem
1058 3123 1242 3204 redaotae

194 3281 360 3379 partem
393 3293 489 3347 oum
520 3265 670 3372 viginti
705 3264 884 3373 Spiritus
917 3268 1019 3348 Vini
1050 3271 1241 3377 partibus

196 3445 275 3526 per
303 3427 403 3497 octo
434 3413 523 3494 dies
558 3423 600 3494 et
636 3413 755 3493 oola:
804 3415 902 3495 dein
931 3416 1062 3498 misoe
1092 3379 1241 3527 viginti

197 3576 340 3672 guttas
372 3590 468 3643 cum
501 3563 720 3668 octoginta
752 3564 930 3671 Spiritus
962 3567 1065 3648 Vini
1094 3571 1238 3676 guttis.

198 3713 298 3794 Hoo
316 3710 494 3819 primam
514 3711 731 3794 constituit
748 3714 1100 3802 attenuationem..
1136 3719 1252 3804 Para

200 3862 254 3944 ad
273 3861 442 3942 tertiam
463 3861 809 3942 attenuationem.

215 4107 218 4114 .
254 4007 551 4092 Dos-Glob.
567 4009 602 4088 i.
616 4021 688 4090 aut
707 4009 751 4117 ij.
773 4011 907 4092 tertiae
927 4017 1240 4108 attenuationis.

254 4143 311 4239 N.
327 4158 379 4240 B.
400 4157 537 4238 Modo
550 4160 744 4265 sequenti
763 4161 843 4242 Dr.
869 4162 1106 4275 Hartmann
1123 4184 1246 4277 parat
