3084 5040
558 391 918 448 uoumornrurcs.
1212 365 1267 440 45

407 609 630 679 ARGILLA
654 611 787 678 PURA
808 605 1076 692 (ALUMINA).

514 748 649 826 Triginta
661 747 873 806 attenuationes
888 728 974 822 (Χ).

276 867 348 948 Ad
364 867 570 976 Argillam
604 867 757 948 Puram
783 865 1028 973 parandam,
1057 863 1201 972 redige
1225 862 1270 946 in

220 1016 437 1123 pulverem
452 1016 591 1098 Calcis
606 1014 852 1115 Muriatem,
869 1041 976 1122 quae,
997 1013 1041 1094 in
1054 1040 1155 1096 vase
1167 1040 1267 1121 por·

222 1166 411 1248 cellaneo
432 1165 570 1248 adhuc
591 1164 745 1265 calido,
768 1163 928 1245 ardoris
948 1160 1167 1244 candentis
1189 1188 1271 1270 ope

222 1314 381 1396 siccata
400 1326 491 1413 est3
517 1315 670 1396 deinde
690 1341 787 1395 cum
804 1313 960 1395 idonea
973 1311 1153 1420 Spiritus
1172 1313 1272 1395 Vini

224 1464 474 1569 quantitate
503 1462 742 1545 commisce.
816 1461 1032 1569 Sulphatis
1062 1461 1272 1543 Aluminae

222 1609 391 1692 unciam
421 1610 635 1692 dimidiam
666 1611 783 1692 solve
814 1610 857 1690 in
876 1611 1013 1717 Aquae
1032 1610 1272 1693 Destillatae

225 1758 359 1840 unciis
393 1758 557 1841 duabus
591 1785 688 1840 cum
719 1757 911 1860 semisse,
947 1771 990 1841 et
1026 1761 1145 1842 cola:
1176 1760 1274 1844 huic
1383 1833 1387 1839 .

226 1907 365 1989 Calcis
385 1907 581 1989 Muriatis
599 1907 806 2014 liquorem
827 1907 1099 2016 spirituosum
1119 1909 1270 2017 adjice,

225 2055 297 2164 qui
324 2056 572 2164 Sulphatem
604 2056 742 2138 Calcis
774 2056 958 2139 demittit
990 2059 1115 2166 eique
1137 2059 1273 2166 adjice

224 2205 360 2287 donec
378 2233 465 2287 non
485 2205 663 2314 amplius
683 2207 942 2290 demittatur.
1002 2210 1165 2318 Liquor
1180 2211 1273 2293 lim-

227 2353 353 2462 pidus
374 2367 654 2462 supernatans
683 2356 893 2438 Aluminae
913 2357 1143 2442 Muriatem
1174 2388 1278 2443 con-

224 2502 344 2586 tinet.
404 2502 465 2585 Ut
494 2503 658 2618 Murias
680 2503 733 2586 ab
754 2505 958 2588 Alumina
987 2509 1148 2594 secerni
1176 2539 1276 2619 pos-

227 2653 296 2753 sit,
314 2653 523 2761 liquorem
540 2653 811 2762 spirituosum
822 2655 1060 2739 Ammoniae
1076 2658 1274 2742 Muriatis

197 2801 375 2910 adjice.
450 2803 691 2884 Aluminam
732 2803 959 2887 demissam
1008 2807 1107 2889 dein
1150 2807 1276 2892 ablue

81 2961 84 2966 ’
222 2951 333 3034 bene
351 2967 399 3035 ut
419 2955 587 3061 penitus
607 2964 852 3035 amoveatur
877 2954 1117 3036 Ammonia.
1178 2957 1275 3039 Pul·

224 3128 368 3184 verem
387 3102 681 3184 candefactum
698 3113 741 3183 et
757 3102 896 3185 adhuc
913 3102 1097 3185 calidum
1117 3106 1160 3186 in
1176 3133 1276 3189 vase

228 3253 373 3335 clauso
393 3279 567 3360 sepone.

282 3402 338 3483 N.
354 3402 405 3483 B.
439 3402 650 3485 Hartlaub
667 3414 709 3485 et
729 3403 882 3485 Trinks
898 3417 1040 3486 autem
1056 3405 1169 3488 hunc
1187 3435 1280 3489 mo-

227 3552 329 3632 dum
357 3551 557 3633 tradunt:
589 3552 833 3635 Aluminam
867 3580 1134 3637 communem
1163 3557 1280 3664 liqua

228 3701 273 3782 in
294 3702 406 3809 aqua
424 3701 631 3799 fervente,
668 3713 712 3782 et
743 3703 845 3782 fiant
876 3705 1093 3811 crystalli:
1126 3707 1278 3815 saepius

226 3861 374 3957 repete
403 3862 449 3931 ut
470 3849 587 3930 Ferm'
618 3849 831 3958 Oxydum,
868 3852 982 3958 quod
1013 3854 1177 3936 fortiter
1207 3857 1281 3935 ad-

227 3997 376 4098 haeret,
404 3999 573 4107 penitus
601 4012 859 4082 amoveatur.
921 4000 966 4079 Si
991 4028 1097 4109 pura
1126 4004 1195 4101 sit,
1228 4003 1279 4084 li·

147 4261 150 4268 !
230 4147 349 4253 quari
363 4158 505 4255 potest
520 4147 1280 4278 inPotassaeLiquore,limpidumque
1398 4203 1404 4210 ·
