3058 5040
538 391 894 446 110MOE01’AT1110A.
1188 369 1243 450 73

196 557 369 638 uerioris
389 557 606 664 compagis
626 557 703 641 sub
726 557 838 664 aqud
856 561 962 654 tere,
986 566 1030 637 et
1048 552 1147 636 inde
1174 565 1238 634 at·
1344 659 1353 676 ο

196 707 464 818 tenuatioues
494 707 623 788 modo
653 705 932 789 remediorum
962 703 1241 811 antipsorioo-

193 883 287 936 rum
304 882 420 964 para.

248 1004 380 1087 Dosis
400 1005 599 1089 z-Glob.
620 1006 663 1114 ij.
686 1005 1040 1112 duodevigesimee
1074 1006 1143 1086 vel
1178 1005 1241 1088 vi-

193 1153 366 1259 gesimae
394 1167 554 1260 quartae
580 1154 649 1235 vel
678 1154 903 1262 trigesimae
936 1135 1239 1236 attenuationis

192 1302 426 1384 secundum
460 1300 701 1383 morborum
725 1312 853 1409 atque
885 1312 1139 1409 aegrotorum
1167 1327 1238 1382 na·

192 1461 342 1532 turam.

250 1605 450 1688 Duratio:
467 1605 675 1715 -Spatio
703 1603 945 1712 quindecim
970 1603 1150 1704 dierum,
1170 1602 1239 1685 vel

190 1754 318 1835 trium
338 1755 666 1837 hebdomadum.

249 1903 397 1986 Antid.
413 1903 644 1986 -Semina
682 1905 872 2004 Cocculi‚
906 1904 1007 1984 Nux
1040 1904 1235 2003 Vomioa,

190 2051 342 2161 Hepar
376 2054 612 2163 Sulphuris,
642 2054 954 2163 Ipeoaouanha,
988 2054 1235 2162 Hydrargy-

189 2229 300 2301 rum,
322 2202 604 2300 Belladonna,
624 2202 898 2298 Duloamara,
921 2214 964 2284 et
983 2202 1132 2284 China.

247 2355 496 2436 Remedium
528 2356 692 2438 ratione
717 2357 906 2438 indicate
930 2368 1127 2465 paratum
1149 2357 1233 2438 Cu·

188 2532 314 2614 prum
352 2504 575 2585 Aceticum
620 2505 877 2612 superfluum
924 2505 1078 2603 reddit,
1117 2504 1237 2614 eujus

189 2666 351 2754 tamen,
384 2680 439 2736 ne
475 2652 578 2760 quid
609 2655 821 2735 electore
857 2653 1135 2755 desideretur,
1167 2656 1236 2737 hio

188 2803 351 2884 mentio
371 2805 457 2884 fiet.

246 2953 385 3034 Aoido
404 2954 584 3035 Acetioo
603 2980 711 3062 puro
736 2955 963 3062 aeruginem
987 2955 1161 3038 viridem
1183 2983 1235 3039 eo

191 3073 325 3202 solve,
362 3103 504 3209 quoad
539 3102 644 3182 nihil
683 3103 863 3210 amplius
900 3103 1031 3212 recipi
1068 3106 1230 3214 possit3

190 3278 276 3360 quo
304 3252 420 3332 facto
448 3249 629 3331 Acidum
659 3250 745 3332 leni
773 3251 872 3358 igne
905 3251 1074 3358 dissipa,
1105 3265 1233 3359 atque

190 3371 411 3508 orystallos
447 3397 600 3480 virides
638 3397 806 3478 interim
842 3399 1049 3480 conflatos
1089 3401 1236 3482 chartei

189 3541 338 3632 bibul'e
357 3549 481 3642 sicea,
503 3546 766 3655 siccatosque
786 3574 959 3654 repone.

242 3697 574 3779 Attenuationes
592 3694 719 3804 hujus
731 3696 912 3778 ¹remedii
932 3699 1085 3780 eodem
1105 3703 1234 3784 modo
1284 3709 1289 3718 “

189 3848 448 3948 obtinentur,
477 3847 549 3954 qui
582 3846 626 3926 in
659 3845 873 3952 superiore
907 3849 1095 3931 remedio
1128 3851 1235 3932 indi-

188 4009 319 4079 catur.
