3084 5040
612 417 837 474 ranrnrro.
1185 398 1253 471 xxi

208 654 284 754 tio3
311 654 415 740 istos
430 684 548 761 vero,
572 657 644 770 qui
659 659 856 744 medendi
868 671 1004 746 artem
1013 659 1253 744 inconsrdte

209 827 424 916 exercent,
443 816 487 898 in
506 820 584 900 sua
595 817 806 928 imperitia
815 819 1031 904 retineret.
1062 819 1133 902 Ad
1144 819 1252 921 haec,

209 969 245 1053 si
264 973 621 1060 medicamentum
643 978 835 1089 inaptum
851 977 1117 1078 adhibeatur,
1142 979 1255 1060 dam-

208 1156 311 1212 num
331 1144 491 1241 aegroto
520 1138 689 1222 evenire
722 1148 881 1248 posset.
940 1137 992 1220 In
1014 1135 1255 1218 nominibus

211 1315 305 1398 quae
335 1293 583 1402 corporibus
602 1295 801 1378 chemicis
821 1306 864 1377 et
882 1292 1057 1376 medicis
1076 1293 1253 1374 Hahne·

209 1474 388 1532 mannus
411 1449 626 1561 imposuit,
649 1450 799 1534 melius
811 1450 947 1534 visum
963 1463 1028 1533 est
1043 1451 1146 1534 nihil
1160 1479 1253 1534 mu-

209 1619 322 1704 tare;
352 1635 451 1692 nam
473 1609 509 1690 si
526 1609 760 1694 nomina'in
783 1609 1137 1719 Pharmacopoeis,
1161 1637 1255 1717 quae

209 1757 253 1839 in
291 1759 510 1844 Britannia
550 1761 748 1862 eduntur,
791 1761 1100 1863 adhiberemus,
1141 1787 1257 1842 error

209 1917 307 2000 inde
319 1917 418 2000 oriri
435 1932 596 2029 posset,
621 1947 752 2029 quum
771 1945 901 2029 opera
918 1919 963 2001 in
981 1919 1127 2028 lingua
1145 1920 1253 2003 Ger-

209 2078 377 2160 manica
400 2080 557 2188 scripta
575 2078 726 2188 aliquis
748 2081 966 2187 perlegere
981 2079 1123 2162 vellet.

265 2238 484 2350 Perpauca
502 2236 922 2339 medicamentorum,
948 2236 1137 2346 quamvis
1163 2264 1257 2319 mo-

211 2400 289 2481 dus
344 2371 429 2506 quo
476 2421 629 2504 corpus
681 2422 830 2477 sanum
866 2395 1114 2507 plerumque
1165 2401 1258 2504 affi-

211 2558 342 2658 ciunt,
383 2554 484 2638 satis
524 2553 635 2636 bene
667 2553 959 2662 perspiciatur,
988 2568 1147 2658 tamen,
1185 2561 1256 2667 qui

209 2714 362 2797 infirmi
388 2713 574 2822 corporis
601 2711 886 2795 valetudinem
915 2724 1107 2820 tangant,
1128 2714 1258 2797 inter-

210 2873 311 2954 dum
334 2871 417 2953 dici
436 2898 523 2952 non
540 2882 697 2980 potest.
758 2868 809 2949 In
831 2868 895 2950 his
917 2869 1044 2978 igitur
1069 2871 1251 2954 medica·

209 3029 361 3113 mentis
391 3055 532 3137 neque
565 3027 695 3127 dosis,
726 3041 878 3135 neque·
901 3026 1084 3128 duratio,
1117 3056 1257 3136 neque

209 3189 401 3271 antidota
439 3187 675 3296 perscripta
720 3200 851 3280 sunt;
899 3185 1072 3266 modum
1113 3198 1256 3270 tamen

208 3346 386 3456 parandi
405 3344 626 3428 ostendere
658 3341 809 3424 melius
837 3367 929 3424 esse
961 3342 1170 3444 duximus,
1208 3356 1255 3426 ut

210 3505 264 3587 ad
300 3531 423 3586 usum
448 3512 646 3613 prompta
675 3502 777 3614 fiant
812 3528 941 3608 quum
967 3499 1076 3584 vires
1109 3527 1256 3584 eorum

208 3661 383 3744 medicae
401 3659 525 3744 nobis
546 3659 727 3768 cognitae
749 3659 917 3740 fuerint.

263 3817 375 3902 Satis
402 3819 490 3902 scio
508 3817 643 3900 mtdta
662 3815 705 3898 in
738 3816 820 3897 hoc
850 3817 1056 3925 opusculo
1087 3818 1255 3900 criticos

208 4005 301 4062 esse
335 3978 580 4062 inventuros
612 4004 706 4084 quae
737 4003 764 4058 a
794 3974 1071 4058 severioribus
1101 3976 1255 4083 linguae

207 4134 372 4218 Latinae
400 4135 556 4243 regulis
591 4132 858 4217 abhorreant.
919 4132 975 4216 Iis
1011 4146 1151 4216 autem
1183 4134 1255 4243 qui
