3084 5040
258 342 315 417 42
616 365 965 420 rnannacormm

317 529 450 613 Dosis
469 529 669 614 2--Glob.
690 530 736 640 ij.
770 542 900 612 sextae
931 527 1233 614 attenuationis
1267 525 1312 608 in

258 678 420 762 morbis
436 679 659 779 chronicis,
680 678 724 761 in
744 679 879 762 acutis
898 707 1000 763 vero
1020 705 1157 762 nonae.

315 828 653 914 Antia-Porus
672 856 697 912 e
715 829 825 912 fabis
844 827 1039 912 Arabicis
1057 839 1243 938 paratus.

517 1135 709 1202 ANISUM
735 1137 1048 1204 STELLATUM.
1096 1217 1098 1222 Ι

509 1294 715 1397 (Illieium
733 1294 959 1376 Anisatum
977 1293 1057 1404 L.)

317 1459 488 1542 Semina
505 1459 550 1542 in
569 1459 788 1567 pulverem
807 1460 982 1542 redacta
997 1460 1126 1542 modo
1144 1487 1306 1561 eorum,

256 1637 354 1716 quae
372 1609 618 1715 Angustura
638 1608 897 1716 suppeditat,
918 1635 1034 1716 para.

495 1966 825 2033 ANTIMONIUM
848 1965 1069 2032 CRUDUM.

395 2131 603 2242 (Stibium
624 2133 928 2241 Sulphuratum
944 2131 1162 2241 Nigrum.)

548 2325 683 2404 Triginta
695 2327 908 2385 attenuationes
923 2307 1008 2405 (X).

313 2468 374 2550 Ut
393 2479 546 2578 purum
575 2467 643 2564 sit,
669 2468 714 2548 in
743 2469 962 2575 pulverem
992 2468 1229 2569 redactum,
1262 2468 1306 2550 in

255 2617 371 2728 aqua
389 2643 515 2726 super
540 2615 681 2725 lapide
703 2617 833 2727 plano
858 2628 949 2700 tere
966 2651 978 2717 3
1012 2617 1110 2699 dein
1129 2616 1242 2700 sicca
1261 2630 1305 2700 et

255 2770 410 2851 iterum
428 2778 532 2848 tere.
591 2767 733 2851 Pulvis
764 2767 811 2848 fit
839 2765 960 2876 niger
990 2765 1301 2867 subtilissimus,

254 2918 392 3028 quiin
412 2916 524 3023 aqua
542 2915 779 2998 insolubilis
799 2927 877 2998 est.
917 2881 925 2894 ⁶
1135 3011 1138 3018 Ι

211 3073 215 3082 “
310 3068 507 3150 Eundem
525 3065 714 3166 modum,
745 3065 912 3173 quode
941 3065 1137 3150 remediis
1166 3066 1305 3176 antip-

254 3216 402 3300 soricis
419 3226 681 3326 praeceptum
700 3225 781 3316 est,
803 3241 997 3322 sequere.

313 3366 445 3450 Dosis
459 3364 659 3447 z-Glob.
679 3364 724 3474 ij.
757 3364 971 3474 vigesimae
1005 3377 1165 3472 quartae
1198 3376 1303 3447 atte-

254 3516 467 3602 nuationis
486 3514 531 3596 in
548 3512 708 3596 morbis
731 3513 958 3616 diuturnis,
985 3514 1031 3596 in
1049 3514 1185 3598 soritis
1202 3541 1303 3598 vero

254 3666 492 3776 trigesimae.

309 3815 576 3900 Dura—Ad
594 3812 813 3896 minimum
827 3840 905 3922 per
924 3813 1016 3899 dies
1034 3815 1267 3924 sexaginta.

268 4047 272 4056 .
310 3965 456 4049 Antid.
474 4021 523 4032 -
540 3963 689 4072 Hepar
751 3962 890 4048 Calais
942 3975 1071 4075 atque
1121 3968 1302 4050 fortasse

256 4115 616 4226 Hydrargyrnmu
