3084 5040
570 387 955 441 nonoeornrmcn.
981 409 984 416 v
1246 362 1272 434 3

228 552 454 653 tionthico,
479 553 710 636 carbonum
729 555 863 652 fumo,
880 552 1118 633 cloacarum
1139 562 1181 632 et
1207 550 1270 631 la·
1350 585 1353 592 ·

227 704 430 787 trinarum
448 704 618 806 vicinia,
633 704 1036 786 medicamentorum
1052 700 1270 801 odoribuS,

226 857 437 967 praecipue
457 856 634 956 moschi,
652 851 890 953 valerianae,
909 853 1163 963 camphorae,
1183 850 1269 958 spi·

227 1007 331 1090 ritus
347 1037 477 1090 comu
493 1008 620 1108 cervi,
636 1005 831 1105 castorei,
847 1003 1102 1104 asaefoetidae,
1119 1016 1162 1086 et
1178 1030 1272 1112 quae

227 1157 326 1241 sunt
346 1160 443 1259 alia,
460 1159 704 1269 inquinatus
725 1170 802 1240 est.

229 1353 231 1358 ·
283 1308 370 1390 Ubi
390 1308 503 1390 enim
520 1308 847 1391 medicamentis·
863 1309 996 1390 multo
1017 1307 1165 1418 spiritu
1186 1307 1272 1390 vini

228 1460 456 1543 attenuatis
477 1461 545 1543 vel
569 1460 876 1567 aliquantulum
903 1460 1080 1542 istorum
1109 1459 1270 1540 admix-

227 1623 318 1692 tum
340 1611 408 1710 sit,
431 1638 518 1691 non
537 1611 704 1692 evenire
723 1623 868 1718 potest
890 1612 992 1719 quin
1005 1612 1114 1694 vires
1131 1610 1272 1719 aliquo

224 1762 271 1844 'in
284 1827 288 1832 .,
301 1763 430 1844 modo
457 1772 770 1843 commutentur
799 1773 927 1870 atque
953 1764 1125 1845 incertae
1155 1765 1270 1844 fiant.
1316 1762 1325 1772 ’

227 1914 421 1996 Eandem
455 1914 511 1996 ob
544 1942 715 1996 causam
744 1917 943 2025 parandis
978 1919 1187 2016 remediis,
1222 1943 1274 1999 ea

227 2094 330 2150 vasa
348 2068 518 2150 minime
539 2079 639 2176 apta
661 2079 771 2159 sunt,
792 2068 836 2147 in
858 2067 1010 2176 quibus
1026 2070 1274 2178 paulo'ante
1338 2138 1343 2145 .

217 2247 382 2328 corpus
416 2245 589 2328 gravem
623 2219 798 2301 odorem
828 2244 1032 2326 spargens
1066 2219 1135 2302 vel
1163 2221 1275 2303 vasis

227 2371 431 2454 lateribus
452 2370 626 2452 firmiter
649 2370 882 2470 adhaerens,
907 2397 944 2452 e.
967 2398 1027 2478 gr.
1055 2373 1271 2472 moschus,

229 2525 324 2607 olea
345 2521 540 2619 aetherea,
563 2520 794 2604 mercurius
815 2522 1056 2605 corrovivus
1074 2522 1275 2605 sublima-

229 2690 314 2776 tuS,
332 2676 583 2777 arsenicum,
600 2687 642 2758 et
665 2703 759 2782 quae
773 2676 838 2757 his
855 2687 952 2757 sunt
973 2676 1139 2776 similia,
1153 2704 1273 2788 repo-

230 2827 785 2936 situmest,nisipriusquam
793 2826 1275 2935 quidnoviinfundatur,

228 2980 364 3060 multa
393 2981 504 3086 aqud
533 2978 642 3060 bene
670 2978 853 3061 abluitur
880 2992 923 3061 et
950 2979 1048 3060 dein
1075 2980 1268 3064 siccatur.

231 3124 320 3229 Sed
338 3142 386 3211 ut
414 3156 539 3211 omne
566 3129 799 3238 periculum
820 3130 947 3236 longe
969 3128 1095 3230 absit,
1114 3134 1274 3215 fornaci

227 3275 428 3365 candenti
457 3280 672 3376 admoveri
703 3293 832 3390 atque
851 3279 962 3362 bene
987 3280 1171 3363 calefieri
1193 3283 1269 3378 dee

229 3434 346 3517 bent.
395 3434 590 3517 Eandem
622 3446 763 3515 autem
792 3461 936 3515 curam
965 3434 1155 3518 medicus
1182 3429 1277 3520 tum'

230 3613 400 3695 quoque
420 3585 655 3687 adhibebit,
678 3615 773 3668 cum
789 3603 965 3668 necesse
982 3587 1076 3688 erit,
1093 3600 1142 3670 ut
1161 3589 1277 3674 idem

228 3729 460 3821 remedium
482 3736 617 3845 magis
649 3748 915 3818 attenuatum
937 3736 1067 3819 deturv
1080 3754 1240 3848 aegroto
1258 3777 1270 3841 3

229 3889 290 3970 ita
309 3887 421 3969 enim
441 3899 483 3968 et
504 3887 654 3968 calculi
678 3912 862 3967 errorem
880 3885 1029 3994 fugiet,
1051 3902 1094 3971 et
1111 3918 1166 3973 ne
1185 3920 1275 3975 me-

231 4038 371 4120 dicina
409 4037 716 4144 aliquantulum
753 4035 902 4118 virium
939 4064 1107 4120 suarum
1145 4053 1275 4150 atque

233 4188 497 4272 efficacitatis
511 4187 691 4299 amittat,
707 4186 812 4266 scite
829 4186 1007 4269 cavebit.
1035 4189 1197 4272 Eadem
1211 4207 1276 4276 est

741 4349 810 4419 aa
