3058 5040
290 349 368 422 128
391 408 395 416 .
652 371 1000 426 Prtaunacororm

342 534 524 618 Succum
536 564 590 618 ex
604 536 906 646 herbaplantae
921 534 1110 619 florentis
1130 533 1334 642 exprime,

285 697 327 766 et
347 712 444 766 cum
463 687 555 794 pari
587 687 766 794 Spiritus
792 687 895 769 Vini
914 686 1152 795 quantitate
1171 683 1302 764 misce
1321 714 1332 776 ;

285 834 384 915 dein
403 835 458 916 ad
477 835 735 942 trigesimam
755 834 1004 916 dilutionem
1023 845 1210 914 attenua.

341 981 680 1066 Dosis:-Glob.
708 982 754 1096 ij.
776 983 1001 1089 trigesimae
1020 977 1333 1064 attenuationis.

500 1279 730 1347 SPIGELIA
751 1279 1053 1348 ANTHELMIA
1076 1279 1118 1344 L.

580 1440 714 1517 Triginta
727 1441 940 1499 attenuationes
960 1421 1040 1520 (X).

291 1638 296 1648 .
341 1585 662 1693 Quinquaginta
694 1612 826 1691 grana
857 1584 1002 1667 herbae
1040 1585 1085 1666 in
1117 1583 1336 1692 pulverem

284 1735 466 1817 redactae
486 1762 583 1816 cum
603 1733 842 1842 quingentis
870 1734 1051 1842 Spiritus
1075 1733 1179 1816 Vini
1204 1731 1336 1839 guttis

280 1885 430 1985 misce,
453 1897 496 1967 et
518 1885 608 1966 sine
635 1884 785 1965 caloris
806 1912 887 1992 ope
915 1912 992 1994 per
1019 1882 1335 1968 hebdomadem

283 2061 460 2142 sepone,
483 2033 671 2143 quotidie
691 2033 759 2116 bis
783 2035 947 2142 agitans
966 2069 977 2133 ;
1012 2036 1111 2119 dein
1131 2034 1187 2115 ad
1205 2032 1336 2140 trige-

285 2183 434 2264 simam
454 2183 789 2265 attenuationem
809 2186 987 2293 explica.

338 2329 675 2414 Dosisz-Glob.
697 2330 740 2439 ij
774 2332 842 2414 vel
868 2332 925 2441 iij.
961 2332 1187 2441 trigesimae
1223 2344 1333 2415 atte-

284 2483 510 2565 nuationis.

340 2631 684 2712 Durat—Dosis
702 2633 771 2713 vel
789 2657 920 2738 parva
937 2657 1015 2737 per
1032 2640 1214 2736 quatuor
1227 2626 1334 2709 heb·

286 2777 490 2860 domadas
511 2789 553 2858 et
572 2779 684 2858 ultra
702 2781 917 2860 efficacem
937 2804 1030 2860 sese
1049 2787 1235 2885 praestat.

341 2926 693 3008 Antid—Parvis
714 2926 963 3033 Camphorae
990 2924 1164 3006 dosibus
1185 2922 1338 3033 saepius

285 3077 529 3187 repetendis
547 3076 656 3158 vires
676 3073 768 3184 ejus
788 3074 1108 3182 compescendae
1127 3083 1239 3156 sunt.

358 3307 360 3313 ⁵
494 3357 709 3424 sroucm
733 3356 931 3422 naama
953 3355 1125 3422 rosus.

525 3505 739 3615 (Spongia
757 3504 991 3586 Officinalis
1009 3504 1089 3614 L.)

575 3680 710 3758 Triginta
723 3681 935 3740 attenuationes
963 3661 1044 3757 (X).

342 3838 469 3921 Hanc
482 3829 768 3944 Spongiamin
782 3857 913 3938 parva
927 3831 1084 3912 frustra
1094 3829 1339 3930 dissectam,

286 4003 415 4098 atque
447 3999 651 4094 tympano
686 3979 823 4060 ferreo
858 3978 1105 4077 immissam,
1142 3989 1231 4062 tam
1264 3979 1339 4060 diu

286 4134 498 4222 succensis
529 4125 782 4212 carbonibus
829 4137 959 4224 torre,
1001 4126 1138 4208 donec
1170 4128 1339 4214 fuscum
