3058 5040
262 368 342 442 120
607 395 959 450 runnuneormm

314 547 447 640 Dosis
460 559 654 644 :--Glob.
680 563 725 672 ij.
746 562 973 670 trigesimae
1001 552 1306 641 attenuationis

258 701 303 784 in
315 707 481 790 morbis
502 710 651 810 acutis,
669 739 793 794 nonae
814 737 915 793 vero
944 710 1015 793 vel
1044 703 1307 791 duodecimae

259 851 303 934 in
322 853 541 941 chronicis.

314 995 874 1121 Antidotust-Camphora.

498 1243 635 1312 RUTA
664 1245 1000 1311 GRAVEOLENS
1025 1245 1066 1309 L.

593 1420 668 1480 Tres
681 1422 894 1480 attenuationes
913 1403 976 1498 (I).

228 1663 235 1674 ,
316 1575 496 1658 Suecum
529 1604 583 1659 ex
612 1577 746 1661 herba
774 1578 899 1686 hujus
928 1580 1086 1687 plantae
1119 1575 1308 1685 exprime

261 1735 304 1806 et
326 1724 380 1808 ad
399 1725 567 1807 tertiam
588 1725 838 1808 dilutionem
857 1728 1035 1835 explica.

315 1874 447 1956 Dosis
463 1875 657 1956 :-Glob.
689 1875 733 1983 ij.
760 1877 895 1958 tertiae
930 1875 1234 1956 attenuationis
1264 1872 1308 1953 in

258 2022 472 2166 plerisque
490 2021 665 2125 morbiS,
687 2025 833 2132 primae
850 2025 921 2108 vel
941 2023 1137 2106 secundae
1156 2022 1310 2105 robus-

258 2172 313 2253 tis
333 2171 588 2255 hominibus.

268 2401 271 2406 .
315 2319 550 2402 Antidotus
567 2323 893 2432 :-·Camphora.

534 2555 828 2622 SABADILLAE
851 2556 1033 2621 SEMEN.

444 2721 695 2830 (Veratrum
713 2722 927 2804 Sabadilla
942 2720 1124 2829 Retzii.)

553 2922 687 3000 Triginta
701 2922 913 2981 attenuationes
934 2903 1012 2998 (Χ)
1105 2973 1111 2984 .

316 3081 458 3164 Unam
485 3078 691 3160 seminum
720 3076 764 3157 in
796 3078 1014 3184 pulverem
1041 3078 1311 3162 redactorum

261 3244 428 3343 partem
462 3256 558 3311 eum
587 3226 735 3333 viginti
775 3226 955 3333 Spiritus
981 3228 1083 3309 Vini
1118 3229 1311 3336 partibus

263 3383 394 3465 misce
415 3390 458 3460 et
476 3404 554 3486 per
572 3375 885 3457 hebdomadem
912 3403 1093 3485 sepone:
1127 3376 1226 3457 dein
1256 3379 1312 3460 ad

262 3531 522 3641 trigesimam
537 3524 872 3608 attenuationem
893 3525 1069 3631 explica.

320 3679 452 3761 Dosis
468 3672 663 3758 z-Glob.
685 3671 729 3780 ij.
758 3673 981 3780 trigesimae
1011 3676 1313 3758 attenuationis

265 3834 530 3945 plerumque,
572 3821 928 3928 duodevigesimae
980 3822 1049 3903 vel
1099 3822 1313 3930 vigesimae

268 3991 427 4093 quartae
446 3975 491 4056 in
508 3968 667 4054 morbis
688 3966 905 4050 cluonieis.

322 4122 507 4219 Duratio
527 4118 674 4205 :-—Per
694 4116 1012 4225 quatuordecim
1031 4119 1119 4200 fere
1138 4119 1244 4202 dies.
1305 4193 1308 4204 r
