3058 5040
547 393 902 451 noncnoenufflon.
1196 359 1250 452 67

200 557 304 638 ritus
323 557 424 640 Vini
439 557 631 664 pastibus
650 558 795 656 misce,
819 569 862 640 et
881 558 978 638 loco
997 554 1149 662 frigido
1174 578 1252 659 per

200 704 512 788 hebdomadem
531 734 714 816 sepone:
748 707 847 789 dein
878 707 933 788 ad
962 731 1119 788 nonam
1146 712 1250 784 atte-

203 854 449 938 nuationem
469 856 593 937 dilue.

258 1001 389 1082 Dosis
409 1003 601 1085 z—Glob.
624 1003 668 1109 ij.
689 1027 812 1086 nonae
837 1000 1149 1086 attenuationis.

259 1151 547 1234 Durat-Per
574 1153 799 1237 duodecim
826 1153 932 1251 dies,
956 1164 999 1234 et
1025 1150 1140 1258 quod
1174 1173 1247 1230 ex·

205 1300 348 1395 currit,
367 1298 549 1406 majores
568 1300 693 1408 hujus
712 1301 887 1383 remedii
913 1303 1039 1383 doses
1059 1300 1251 1379 efficaces

204 1475 297 1530 esse
318 1448 469 1529 solent.

552 1666 909 1732 CINNAMOMUM.

446 1799 629 1906 (Laurus
651 1801 974 1883 Cinnamomum
993 1796 1064 1899 L.)

536 1977 611 2036 Tres
625 1976 838 2036 attenuationes
852 1959 918 2054 (l).

264 2127 403 2208 Unam
431 2126 622 2210 contritae
650 2126 914 2208 Cinnamomi
949 2124 1122 2206 colticis·
1155 2151 1254 2231 par-

207 2289 299 2358 tem
318 2276 361 2356 in
382 2277 531 2357 decem
546 2274 724 2382 Spiritus
739 2273 841 2354 Vini
852 2271 1045 2380 partibus
1061 2297 1248 2369 macera3

208 2424 396 2531 quotidie
416 2424 545 2531 agita,
565 2434 746 2530 postque
769 2421 859 2502 dies
880 2432 980 2500 octo
1001 2420 1118 2501 cola:
1155 2420 1253 2504 dein

208 2573 356 2658 decem
381 2583 525 2679 guttas
555 2597 651 2649 cum
681 2569 914 2674 nonaginta
943 2567 1122 2674 Spiritus
1153 2568 1254 2648 Vini

207 2721 339 2827 guttis
357 2720 499 2799 misce.
559 2717 658 2798 Hoc
685 2716 861 2823 primam
886 2714 1047 2823 praebet
1077 2716 1248 2798 dilutio·

207 2894 318 2949 nem.
388 2866 567 2973 Explica
599 2863 728 2945 modo
762 2874 967 2944 consueto
1001 2862 1056 2944 ad
1086 2865 1253 2946 tertiam

209 3015 544 3096 attenuationem
563 3038 711 3118 usque.

263 3163 395 3244 Dosis
412 3196 420 3242 :
439 3215 489 3228 -
505 3161 624 3273 Gutt.
657 3160 684 3240 i.
706 3159 850 3267 primae
879 3161 947 3242 vel
972 3160 1108 3242 tentiae
1142 3171 1252 3243 atte-

207 3311 431 3392 nuationis.

600 3480 857 3546 CLEMATIS.

256 3639 482 3748 (Clematis
503 3636 662 3721 Ereota
679 3639 731 3720 L.
750 3673 762 3735 3
792 3638 1026 3724 Flammula
1045 3638 1074 3719 J
1077 3638 1202 3746 ovis.)

495 3815 610 3874 Novem
625 3815 837 3875 attenuationes
857 3797 961 3890 (Ill).

265 3964 399 4046 Utere
418 3965 462 4047 in
480 3964 689 4047 medicina
709 3990 837 4048 succo
868 3991 892 4047 e
922 3965 1032 4046 foliis
1059 3976 1102 4046 et
1130 3967 1250 4062 caule

209 4113 383 4218 plantae,
407 4113 507 4194 dum
539 4113 689 4194 florere
721 4112 864 4220 ooepit,
893 4138 1091 4220 expresso
1122 4125 1251 4220 atque

684 4289 706 4338 u
736 4270 760 4340 2
