3084 5040
257 363 346 434 xviii
669 392 893 446 eunrnrro.

262 626 342 708 rita
375 627 498 737 hujus
528 659 647 716 novae
672 633 869 716 medendi
890 634 991 716 artis
1023 631 1202 740 quisque
1232 655 1309 738 pro

265 811 310 866 se
331 789 509 897 experiri
527 791 676 901 possit.

318 947 418 1030 Non
436 951 552 1058 prius
570 954 788 1059 vulgatum
803 954 915 1037 huno
934 953 1121 1037 remedia
1134 949 1313 1062 parandi

261 1107 435 1190 modom
469 1112 615 1196 docuit
650 1113 986 1198 Hahnemannus
1021 1118 1065 1196 in
1098 1114 1311 1198 volumine

262 1265 398 1372 primo
431 1268 542 1370 iibri,
566 1271 644 1352 sub
673 1272 813 1375 titulo,
841 1283 871 1319 “
889 1275 1022 1356 Reioe
1047 1276 1308 1356 Arzoeimit·

265 1427 481 1525 telletre,”
520 1431 631 1513 eirca
665 1461 821 1517 annum
855 1431 959 1514 1811
994 1436 1149 1544 partim
1177 1434 1307 1531 editi;

262 1590 572 1674 medicamenta
593 1605 734 1676 autem
760 1595 894 1677 multa
914 1594 1109 1694 subinde,
1132 1621 1312 1702 quorum

261 1747 391 1832 visin
422 1751 511 1833 dies
546 1755 670 1836 altius
699 1753 916 1863 indaganti
939 1755 1196 1854 innotuerat,
1220 1754 1311 1836 aliis

263 1909 448 2020 quinque
479 1914 764 1997 voluminibus
785 1916 970 1997 seriatim
990 1915 1115 1996 editis
1140 1914 1310 2023 adjecit.

262 2069 469 2168 Quaedam
485 2072 614 2154 etiam
624 2073 872 2183 reperienda
883 2085 980 2156 sunt
995 2073 1039 2154 in
1053 2073 1202 2156 Diario
1218 2074 1312 2156 Ho-

262 2234 563 2342 moeopathioo‚
583 2235 698 2342 qood
716 2234 964 2343 inscriptum
980 2246 1068 2316 est:
1104 2243 1133 2281 “
1145 2235 1312 2318 Archiv

251 2393 336 2503 fiir
369 2395 436 2475 die
463 2397 852 2506 Homoeopothisclre
881 2396 1161 2497 Heillruoot,”
1196 2397 1312 2505 quod

261 2555 306 2639 in
325 2554 465 2638 lucem
493 2554 625 2636 edidit
653 2555 852 2664 Stapfius.
913 2554 1144 2665 Gaspan‘us
1169 2567 1312 2638 autem

262 2717 399 2826 primo
432 2717 616 2799 rationes
649 2716 786 2798 varias
824 2715 1133 2797 medicamenta
1171 2716 1314 2798 omnia

264 2877 621 2986 Homoeopathioa
638 2875 815 2986 parandi
832 2876 876 2956 in
896 2901 981 2956 uno
1007 2874 1115 2957 libro
1142 2876 1312 2983 collegit

263 3050 307 3120 et
325 3037 481 3146 Lipsiae
498 3036 630 3118 edidit
645 3032 823 3145 (1825);
861 3042 891 3080 “
910 3033 1314 3143 llomoeopotlrisoheo

263 3199 633 3308 Dispensatorium
673 3203 724 3276 tir·
745 3198 898 3277 Aerzte
912 3195 997 3276 aad
1015 3195 1309 3304 Apotheder.’'

261 3358 416 3441 Latine
437 3356 729 3438 Hartmannus
750 3353 981 3435 editionem
1002 3353 1177 3433 alteram
1196 3351 1314 3434 dedit

268 3516 445 3630 (1827),
468 3527 512 3597 et
537 3512 790 3622 Germanice
811 3509 980 3592 tertiam
1010 3507 1156 3616 (1829)
1185 3535 1310 3618 quar-

265 3691 438 3787 tamque
472 3671 662 3785 (1832):
711 3680 742 3720 “
765 3669 1146 3778 Homaeopartocte
1170 3667 1315 3750 Pior-

266 3867 459 3950 muropoe
474 3837 560 3946 fur
577 3837 731 3918 Aerzte
750 3832 836 3914 und
859 3829 1152 3940 Apoideder.”
1199 3827 1314 3912 Nec-

266 4031 355 4088 non
385 3998 510 4110 hujus
540 3997 642 4080 artis
671 3993 810 4078 studio
839 3991 1025 4073 animum
1056 4015 1314 4098 operamque

267 4163 393 4249 Italia
410 4159 606 4274 praebuit,
628 4171 672 4242 et
690 4157 846 4239 Luoooe
873 4149 1032 4264 (1829)
1061 4149 1315 4236 Belluomiui
