3084 5040
501 359 504 364 ’
549 385 905 439 nonmornrnrcn.
1195 363 1250 436 33

538 723 731 794 ACIDUM
755 721 905 792 NlTRl.

492 879 627 980 'l'riginta
639 880 851 939 attenuationes
867 860 950 958 (X).

255 1007 425 1088 Nitrum
450 1019 497 1089 ut
527 1007 794 1116 purissimum
832 1007 885 1088 sit
918 1008 1110 1115 partibus
1128 1033 1248 1116 aqua

200 1133 371 1240 feividae
384 1183 459 1238 sex
476 1157 657 1265 primum
674 1156 936 1268 solvendum,
956 1157 1108 1238 deinde
1126 1182 1243 1257 vero,

197 1319 245 1389 ut
265 1309 539 1390 restituantur
558 1310 759 1416 crystalli,
791 1308 935 1416 frigori
965 1308 1149 1390 maximo
1170 1333 1243 1390 ex·

198 1459 445 1566 ponendum
489 1469 567 1540 est.
637 1456 780 1566 Hujus
819 1457 945 1538 uncia
993 1457 1166 1538 dimidia
1203 1457 1247 1538 in

198 1606 414 1716 pulverem
434 1607 595 1690 redacti
607 1632 688 1714 ope
701 1606 958 1687 infundibuli
970 1605 1107 1708 vitrei,
1132 1607 1247 1715 quod

198 1767 336 1839 rostro
354 1756 527 1838 incurvo
558 1754 782 1864 praeditum
802 1766 884 1855 est,
916 1756 960 1836 in
988 1782 1163 1865 parvam
1181 1783 1248 1837 re-

198 1918 356 1988 tortam
383 1908 475 1987 luto
496 1904 726 1985 obductam
744 1903 998 2005 immittitur,
1023 1932 1108 2012 quo
1131 1907 1248 1987 facto

199 2083 278 2166 per
322 2055 437 2137 idem
474 2051 786 2134 infundibulum
823 2053 992 2136 unciam
1031 2053 1247 2134 dimidiam

199 2203 325 2286 Aoidi
363 2201 656 2311 Phosphorici,
695 2202 928 2283 secundum
959 2203 1244 2310 praeceptum,
1395 2304 1397 2310 Α

126 2407 130 2416 ·
200 2354 317 2462 quod
354 2352 464 2433 infra
504 2351 688 2450 dabitur,
724 2352 864 2460 parati
910 2364 1039 2460 atque
1075 2352 1130 2433 ad
1164 2352 1247 2433 olei

198 2503 528 2588 similitudinem
562 2500 802 2583 accedentis
845 2501 1106 2600 infunditur;
1153 2514 1246 2584 tum

197 2668 422 2762 utrumque
450 2652 669 2759 paululum
699 2651 905 2757 agitatum
922 2651 1007 2732 leni
1026 2651 1127 2757 igne
1147 2652 1242 2732 des-

196 2805 371 2902 tillatur,
407 2830 491 2909 quo
512 2803 576 2900 fit,
598 2814 645 2882 ut
664 2800 846 2882 Acidum
877 2801 1087 2884 Nitricum
1106 2803 1244 2884 fumos

196 2981 284 3056 non
303 2952 504 3035 exhalans
536 2963 579 3033 et
612 2951 811 3060 ponderis
846 2951 1014 3034 circiter
1046 2950 1172 3052 1200
1199 2953 1244 3036 in

197 3100 437 3208 excipulum
455 3099 604 3181 leviter
624 3095 868 3205 adjunctum
886 3110 1087 3182 transeat.

252 3252 396 3333 Unam
413 3250 540 3359 hujus
559 3251 668 3332 acidi
697 3261 863 3357 guttam
891 3278 988 3331 cum
1013 3252 1246 3360 nonaginta

197 3428 351 3485 novem
390 3402 522 3508 guttis
566 3399 702 3508 Aquae
739 3400 981 3482 Destillatae
1013 3400 1081 3512 bis·
1113 3405 1239 3512 agita.

197 3552 306 3634 Haec
335 3549 455 3657 signo
479 3549 499 3628 l
523 3561 587 3632 est
620 3551 820 3632 notanda.
882 3551 1025 3661 Hujus
1056 3580 1158 3636 vero
1191 3556 1241 3637 li·

199 3699 340 3809 quoris
360 3710 526 3806 guttam
554 3726 684 3780 unam
714 3727 810 3781 cum
838 3701 1070 3808 nonaginta
1090 3730 1243 3787 novem

187 3853 330 3961 guttis
357 3850 506 3959 aquosi
533 3850 710 3958 Spiritus
740 3850 841 3931 Vini
868 3850 1013 3950 misce,
1051 3879 1144 3959 quae
1176 3883 1241 3937 se·

197 4000 611 4084 cundamconstituit
625 3998 970 4102 attenuationem.
1029 4002 1130 4084 Jam
1143 4031 1244 4087 vero

194 4150 511 4236 attenuationes
533 4149 711 4256 Spiritus
725 4149 828 4230 Vini
841 4177 928 4232 non
947 4150 1068 4233 diluti
1088 4181 1168 4262 ope
1190 4157 1244 4238 ad

704 4327 734 4380 o
