<?xml version="1.0" encoding="UTF-8"?>
<!DOCTYPE html PUBLIC "-//W3C//DTD XHTML 1.0 Transitional//EN"
    "http://www.w3.org/TR/xhtml1/DTD/xhtml1-transitional.dtd">
<html xmlns="http://www.w3.org/1999/xhtml" xml:lang="en" lang="en">
 <head>
  <title>
</title>
<meta http-equiv="Content-Type" content="text/html;charset=utf-8" />
  <meta name='ocr-system' content='tesseract 3.04.00' />
  <meta name='ocr-capabilities' content='ocr_page ocr_carea ocr_par ocr_line ocrx_word'/>
</head>
<body>
  <div class='ocr_page' id='page_1' title='image "./pharmacopoeiaho00quingoog_0042.png"; bbox 0 0 3084 5040; ppageno 0'>
   <div class='ocr_carea' id='block_1_1' title="bbox 571 335 1274 418">
    <p class='ocr_par' dir='ltr' id='par_1_1' title="bbox 571 335 1274 418">
     <span class='ocr_line' id='line_1_1' title="bbox 571 335 1274 418; baseline 0.014 -10"><span class='ocrx_word' id='word_1_1' title='bbox 571 355 926 413; x_wconf 74' lang='lat' dir='ltr'><strong>noncrornrnrcn.</strong></span> <span class='ocrx_word' id='word_1_2' title='bbox 1251 335 1274 418; x_wconf 84' lang='lat'>7</span> 
     </span>
    </p>
   </div>
   <div class='ocr_carea' id='block_1_2' title="bbox 115 514 1276 2447">
    <p class='ocr_par' dir='ltr' id='par_1_2' title="bbox 230 514 1276 753">
     <span class='ocr_line' id='line_1_2' title="bbox 231 514 1276 632; baseline 0.01 -37"><span class='ocrx_word' id='word_1_3' title='bbox 231 514 493 629; x_wconf 88' lang='lat' dir='ltr'><strong>aliorumque</strong></span> <span class='ocrx_word' id='word_1_4' title='bbox 533 525 716 632; x_wconf 69' lang='lat' dir='ltr'><strong>repetita</strong></span> <span class='ocrx_word' id='word_1_5' title='bbox 759 527 1043 610; x_wconf 78' lang='lat' dir='ltr'>destillatione</span> <span class='ocrx_word' id='word_1_6' title='bbox 1092 522 1276 609; x_wconf 85' lang='lat' dir='ltr'><strong>obtineri</strong></span> 
     </span>
     <span class='ocr_line' id='line_1_3' title="bbox 230 670 350 753; baseline 0.025 -3"><span class='ocrx_word' id='word_1_7' title='bbox 230 670 350 753; x_wconf 86' lang='lat' dir='ltr'><strong>solet.</strong></span> 
     </span>
    </p>

    <p class='ocr_par' dir='ltr' id='par_1_3' title="bbox 115 819 1275 2447">
     <span class='ocr_line' id='line_1_4' title="bbox 235 819 1275 941; baseline 0.006 -40"><span class='ocrx_word' id='word_1_8' title='bbox 235 879 240 889; x_wconf 86' lang='lat'>-</span> <span class='ocrx_word' id='word_1_9' title='bbox 286 819 398 904; x_wconf 86' lang='lat' dir='ltr'><strong>Item</strong></span> <span class='ocrx_word' id='word_1_10' title='bbox 417 826 653 909; x_wconf 89' lang='lat' dir='ltr'><strong>cavendum</strong></span> <span class='ocrx_word' id='word_1_11' title='bbox 673 843 754 933; x_wconf 84' lang='lat' dir='ltr'><strong>est,</strong></span> <span class='ocrx_word' id='word_1_12' title='bbox 776 858 831 913; x_wconf 89' lang='lat' dir='ltr'><strong>ne</strong></span> <span class='ocrx_word' id='word_1_13' title='bbox 848 859 1044 941; x_wconf 88' lang='lat' dir='ltr'><strong>corpora,</strong></span> <span class='ocrx_word' id='word_1_14' title='bbox 1066 831 1167 913; x_wconf 93' lang='lat' dir='ltr'><strong>dum</strong></span> <span class='ocrx_word' id='word_1_15' title='bbox 1181 827 1275 908; x_wconf 65' lang='lat' dir='ltr'><strong>des»</strong></span> 
     </span>
     <span class='ocr_line' id='line_1_5' title="bbox 228 971 1275 1100; baseline 0.007 -49"><span class='ocrx_word' id='word_1_16' title='bbox 228 971 433 1073; x_wconf 86' lang='lat' dir='ltr'><strong>tillantur‚</strong></span> <span class='ocrx_word' id='word_1_17' title='bbox 461 976 530 1100; x_wconf 89' lang='lat' dir='ltr'><strong>vel</strong></span> <span class='ocrx_word' id='word_1_18' title='bbox 553 978 736 1086; x_wconf 83' lang='lat' dir='ltr'><strong>cupreis,</strong></span> <span class='ocrx_word' id='word_1_19' title='bbox 769 981 837 1065; x_wconf 92' lang='lat' dir='ltr'><strong>vel</strong></span> <span class='ocrx_word' id='word_1_20' title='bbox 864 981 1053 1066; x_wconf 84' lang='lat' dir='ltr'>stanneis</span> <span class='ocrx_word' id='word_1_21' title='bbox 1078 1004 1275 1064; x_wconf 84' lang='lat' dir='ltr'><strong>vasorum</strong></span> 
     </span>
     <span class='ocr_line' id='line_1_6' title="bbox 213 1123 1275 1240; baseline 0.004 -37"><span class='ocrx_word' id='word_1_22' title='bbox 213 1123 445 1230; x_wconf 75' lang='lat' dir='ltr'><strong>&#39;particulis</strong></span> <span class='ocrx_word' id='word_1_23' title='bbox 479 1126 733 1230; x_wconf 87' lang='lat' dir='ltr'><strong>inficiantur,</strong></span> <span class='ocrx_word' id='word_1_24' title='bbox 781 1132 911 1238; x_wconf 90' lang='lat' dir='ltr'><strong>quod,</strong></span> <span class='ocrx_word' id='word_1_25' title='bbox 951 1132 1051 1240; x_wconf 88' lang='lat' dir='ltr'><strong>quia</strong></span> <span class='ocrx_word' id='word_1_26' title='bbox 1093 1153 1275 1238; x_wconf 85' lang='lat' dir='ltr'>vapores</span> 
     </span>
     <span class='ocr_line' id='line_1_7' title="bbox 227 1271 1272 1392; baseline 0.007 -38"><span class='ocrx_word' id='word_1_27' title='bbox 227 1275 495 1359; x_wconf 84' lang='lat' dir='ltr'><strong>metallorum</strong></span> <span class='ocrx_word' id='word_1_28' title='bbox 521 1278 718 1364; x_wconf 83' lang='lat' dir='ltr'><strong>facillime</strong></span> <span class='ocrx_word' id='word_1_29' title='bbox 747 1283 999 1366; x_wconf 86' lang='lat' dir='ltr'><strong>medicinam</strong></span> <span class='ocrx_word' id='word_1_30' title='bbox 1030 1271 1272 1392; x_wconf 37' lang='lat' dir='ltr'><strong>penetranti</strong></span> 
     </span>
     <span class='ocr_line' id='line_1_8' title="bbox 229 1419 1275 1542; baseline 0.009 -39"><span class='ocrx_word' id='word_1_31' title='bbox 229 1423 343 1506; x_wconf 89' lang='lat' dir='ltr'><strong>haud</strong></span> <span class='ocrx_word' id='word_1_32' title='bbox 371 1453 538 1538; x_wconf 83' lang='lat' dir='ltr'><strong>semper</strong></span> <span class='ocrx_word' id='word_1_33' title='bbox 565 1430 795 1538; x_wconf 84' lang='lat' dir='ltr'><strong>prohiberi,</strong></span> <span class='ocrx_word' id='word_1_34' title='bbox 830 1461 969 1542; x_wconf 88' lang='lat' dir='ltr'><strong>neque</strong></span> <span class='ocrx_word' id='word_1_35' title='bbox 1000 1419 1275 1516; x_wconf 68' lang='lat' dir='ltr'><strong>subtilissima</strong></span> 
     </span>
     <span class='ocr_line' id='line_1_9' title="bbox 229 1575 1274 1695; baseline 0.008 -39"><span class='ocrx_word' id='word_1_36' title='bbox 229 1577 680 1685; x_wconf 87' lang='lat' dir='ltr'><strong>explorationedeindc</strong></span> <span class='ocrx_word' id='word_1_37' title='bbox 692 1584 937 1694; x_wconf 87' lang='lat' dir='ltr'><strong>investigari</strong></span> <span class='ocrx_word' id='word_1_38' title='bbox 948 1575 1125 1695; x_wconf 63' lang='lat' dir='ltr'><strong>poterit}=</strong></span> <span class='ocrx_word' id='word_1_39' title='bbox 1149 1581 1274 1666; x_wconf 84' lang='lat' dir='ltr'><strong>Licet</strong></span> 
     </span>
     <span class='ocr_line' id='line_1_10' title="bbox 229 1725 1271 1845; baseline 0.005 -37"><span class='ocrx_word' id='word_1_40' title='bbox 229 1725 341 1808; x_wconf 88' lang='lat' dir='ltr'><strong>enim</strong></span> <span class='ocrx_word' id='word_1_41' title='bbox 369 1731 512 1812; x_wconf 89' lang='lat' dir='ltr'><strong>omnia</strong></span> <span class='ocrx_word' id='word_1_42' title='bbox 544 1732 714 1842; x_wconf 81' lang='lat' dir='ltr'><strong>spiritus</strong></span> <span class='ocrx_word' id='word_1_43' title='bbox 732 1735 818 1821; x_wconf 89' lang='lat' dir='ltr'><strong>vini</strong></span> <span class='ocrx_word' id='word_1_44' title='bbox 839 1748 968 1845; x_wconf 88' lang='lat' dir='ltr'><strong>atque</strong></span> <span class='ocrx_word' id='word_1_45' title='bbox 989 1763 1110 1844; x_wconf 87' lang='lat' dir='ltr'><strong>aquae</strong></span> <span class='ocrx_word' id='word_1_46' title='bbox 1131 1731 1271 1817; x_wconf 84' lang='lat' dir='ltr'><strong>destil-</strong></span> 
     </span>
     <span class='ocr_line' id='line_1_11' title="bbox 115 1863 1269 1997; baseline 0.012 -40"><span class='ocrx_word' id='word_1_47' title='bbox 115 1863 121 1874; x_wconf 74' lang='grc'><strong><em>’</em></strong></span> <span class='ocrx_word' id='word_1_48' title='bbox 226 1878 324 1965; x_wconf 83' lang='lat' dir='ltr'><strong>latae</strong></span> <span class='ocrx_word' id='word_1_49' title='bbox 343 1880 447 1965; x_wconf 85' lang='lat' dir='ltr'><strong>vitia</strong></span> <span class='ocrx_word' id='word_1_50' title='bbox 468 1884 644 1970; x_wconf 86' lang='lat' dir='ltr'><strong>chemiae</strong></span> <span class='ocrx_word' id='word_1_51' title='bbox 664 1886 819 1969; x_wconf 84' lang='lat' dir='ltr'><strong>auxilio</strong></span> <span class='ocrx_word' id='word_1_52' title='bbox 834 1885 1097 1997; x_wconf 89' lang='lat' dir='ltr'><strong>deprehendi</strong></span> <span class='ocrx_word' id='word_1_53' title='bbox 1110 1910 1269 1993; x_wconf 71' lang='lat' dir='ltr'><strong>neque:</strong></span> 
     </span>
     <span class='ocr_line' id='line_1_12' title="bbox 228 2034 1273 2139; baseline 0.002 -26"><span class='ocrx_word' id='word_1_54' title='bbox 228 2044 318 2133; x_wconf 87' lang='lat' dir='ltr'><strong>unt,</strong></span> <span class='ocrx_word' id='word_1_55' title='bbox 362 2034 641 2120; x_wconf 78' lang='lat' dir='ltr'><strong>certissimum</strong></span> <span class='ocrx_word' id='word_1_56' title='bbox 686 2050 830 2120; x_wconf 86' lang='lat' dir='ltr'><strong>tamen</strong></span> <span class='ocrx_word' id='word_1_57' title='bbox 867 2050 949 2139; x_wconf 88' lang='lat' dir='ltr'><strong>est,</strong></span> <span class='ocrx_word' id='word_1_58' title='bbox 999 2065 1086 2120; x_wconf 91' lang='lat' dir='ltr'><strong>non</strong></span> <span class='ocrx_word' id='word_1_59' title='bbox 1133 2036 1273 2117; x_wconf 85' lang='lat' dir='ltr'><strong>minus</strong></span> 
     </span>
     <span class='ocr_line' id='line_1_13' title="bbox 227 2184 1269 2297; baseline -0.001 -29"><span class='ocrx_word' id='word_1_60' title='bbox 227 2195 410 2291; x_wconf 84' lang='lat' dir='ltr'><strong>aegrotos</strong></span> <span class='ocrx_word' id='word_1_61' title='bbox 447 2184 572 2285; x_wconf 84' lang='lat' dir='ltr'><strong>affici,</strong></span> <span class='ocrx_word' id='word_1_62' title='bbox 612 2213 740 2296; x_wconf 86' lang='lat' dir='ltr'><strong>quam</strong></span> <span class='ocrx_word' id='word_1_63' title='bbox 769 2187 955 2297; x_wconf 87' lang='lat' dir='ltr'><strong>ipsorum</strong></span> <span class='ocrx_word' id='word_1_64' title='bbox 982 2187 1269 2270; x_wconf 87' lang='lat' dir='ltr'><strong>medicamen·</strong></span> 
     </span>
     <span class='ocr_line' id='line_1_14' title="bbox 225 2336 1270 2447; baseline -0.001 -30"><span class='ocrx_word' id='word_1_65' title='bbox 225 2347 380 2433; x_wconf 87' lang='lat' dir='ltr'><strong>torum,</strong></span> <span class='ocrx_word' id='word_1_66' title='bbox 412 2363 507 2443; x_wconf 90' lang='lat' dir='ltr'><strong>quae</strong></span> <span class='ocrx_word' id='word_1_67' title='bbox 530 2336 680 2446; x_wconf 87' lang='lat' dir='ltr'><strong>spiritu</strong></span> <span class='ocrx_word' id='word_1_68' title='bbox 698 2338 785 2420; x_wconf 89' lang='lat' dir='ltr'><strong>vini</strong></span> <span class='ocrx_word' id='word_1_69' title='bbox 803 2341 873 2422; x_wconf 89' lang='lat' dir='ltr'><strong>vel</strong></span> <span class='ocrx_word' id='word_1_70' title='bbox 894 2339 1007 2447; x_wconf 71' lang='lat' dir='ltr'><strong>aqud</strong></span> <span class='ocrx_word' id='word_1_71' title='bbox 1024 2339 1134 2447; x_wconf 75' lang='lat' dir='ltr'><strong>pura</strong></span> <span class='ocrx_word' id='word_1_72' title='bbox 1154 2336 1270 2418; x_wconf 81' lang='lat' dir='ltr'><strong>exci-</strong></span> 
     </span>
    </p>
   </div>
   <div class='ocr_carea' id='block_1_3' title="bbox 225 2484 1401 2597">
    <p class='ocr_par' dir='ltr' id='par_1_4' title="bbox 225 2484 1401 2597">
     <span class='ocr_line' id='line_1_15' title="bbox 225 2484 1401 2597; baseline 0 -29"><span class='ocrx_word' id='word_1_73' title='bbox 225 2484 419 2597; x_wconf 84' lang='lat' dir='ltr'><strong>piuntur‚·</strong></span> <span class='ocrx_word' id='word_1_74' title='bbox 438 2486 548 2570; x_wconf 84' lang='lat' dir='ltr'><strong>vires</strong></span> <span class='ocrx_word' id='word_1_75' title='bbox 566 2486 730 2569; x_wconf 85' lang='lat' dir='ltr'><strong>turbari</strong></span> <span class='ocrx_word' id='word_1_76' title='bbox 749 2500 878 2596; x_wconf 85' lang='lat' dir='ltr'><strong>atque</strong></span> <span class='ocrx_word' id='word_1_77' title='bbox 898 2487 1071 2572; x_wconf 87' lang='lat' dir='ltr'><strong>alienari</strong></span> <span class='ocrx_word' id='word_1_78' title='bbox 1128 2488 1272 2586; x_wconf 81' lang='lat' dir='ltr'><strong>Quare</strong></span> <span class='ocrx_word' id='word_1_79' title='bbox 1399 2551 1401 2556; x_wconf 82' lang='lat'><em>.</em></span> 
     </span>
    </p>
   </div>
   <div class='ocr_carea' id='block_1_4' title="bbox 224 2636 1273 3352">
    <p class='ocr_par' dir='ltr' id='par_1_5' title="bbox 224 2636 1273 3352">
     <span class='ocr_line' id='line_1_16' title="bbox 228 2636 1270 2723; baseline -0.004 -1"><span class='ocrx_word' id='word_1_80' title='bbox 228 2640 283 2722; x_wconf 89' lang='lat' dir='ltr'><strong>ad</strong></span> <span class='ocrx_word' id='word_1_81' title='bbox 316 2637 405 2722; x_wconf 84' lang='lat' dir='ltr'><strong>haec</strong></span> <span class='ocrx_word' id='word_1_82' title='bbox 435 2637 539 2722; x_wconf 88' lang='lat' dir='ltr'><strong>vitia</strong></span> <span class='ocrx_word' id='word_1_83' title='bbox 567 2637 741 2721; x_wconf 88' lang='lat' dir='ltr'><strong>vitanda</strong></span> <span class='ocrx_word' id='word_1_84' title='bbox 769 2639 952 2722; x_wconf 85' lang='lat' dir='ltr'><strong>maxime</strong></span> <span class='ocrx_word' id='word_1_85' title='bbox 985 2636 1270 2723; x_wconf 82' lang='lat' dir='ltr'><strong>necessarium</strong></span> 
     </span>
     <span class='ocr_line' id='line_1_17' title="bbox 228 2788 1272 2898; baseline -0.002 -26"><span class='ocrx_word' id='word_1_86' title='bbox 228 2802 309 2890; x_wconf 84' lang='lat' dir='ltr'><strong>est,</strong></span> <span class='ocrx_word' id='word_1_87' title='bbox 331 2800 443 2870; x_wconf 84' lang='lat' dir='ltr'><strong>utet</strong></span> <span class='ocrx_word' id='word_1_88' title='bbox 464 2814 619 2896; x_wconf 89' lang='lat' dir='ltr'><strong>aquam</strong></span> <span class='ocrx_word' id='word_1_89' title='bbox 647 2801 689 2870; x_wconf 85' lang='lat' dir='ltr'><strong>et</strong></span> <span class='ocrx_word' id='word_1_90' title='bbox 720 2789 912 2898; x_wconf 87' lang='lat' dir='ltr'><strong>spiritum</strong></span> <span class='ocrx_word' id='word_1_91' title='bbox 932 2789 1018 2873; x_wconf 89' lang='lat' dir='ltr'><strong>vini</strong></span> <span class='ocrx_word' id='word_1_92' title='bbox 1038 2817 1091 2872; x_wconf 85' lang='lat' dir='ltr'><strong>ex</strong></span> <span class='ocrx_word' id='word_1_93' title='bbox 1110 2788 1272 2898; x_wconf 87' lang='lat' dir='ltr'><strong>optimo</strong></span> 
     </span>
     <span class='ocr_line' id='line_1_18' title="bbox 226 2937 1273 3049; baseline -0.005 -25"><span class='ocrx_word' id='word_1_94' title='bbox 226 2941 426 3025; x_wconf 81' lang='lat' dir='ltr'><strong>frumenti</strong></span> <span class='ocrx_word' id='word_1_95' title='bbox 446 2939 592 3049; x_wconf 83' lang='lat' dir='ltr'><strong>spiritu</strong></span> <span class='ocrx_word' id='word_1_96' title='bbox 613 2939 838 3022; x_wconf 84' lang='lat' dir='ltr'><strong>obtentum</strong></span> <span class='ocrx_word' id='word_1_97' title='bbox 861 2940 905 3021; x_wconf 92' lang='lat' dir='ltr'><strong>in</strong></span> <span class='ocrx_word' id='word_1_98' title='bbox 923 2938 1033 3023; x_wconf 79' lang='lat' dir='ltr'><strong>vasis</strong></span> <span class='ocrx_word' id='word_1_99' title='bbox 1053 2937 1196 3022; x_wconf 87' lang='lat' dir='ltr'><strong>vitreis</strong></span> <span class='ocrx_word' id='word_1_100' title='bbox 1218 2938 1273 3020; x_wconf 92' lang='lat' dir='ltr'><strong>ad</strong></span> 
     </span>
     <span class='ocr_line' id='line_1_19' title="bbox 224 3089 1271 3200; baseline -0.006 -24"><span class='ocrx_word' id='word_1_101' title='bbox 224 3094 338 3177; x_wconf 92' lang='lat' dir='ltr'><strong>hunc</strong></span> <span class='ocrx_word' id='word_1_102' title='bbox 358 3091 495 3175; x_wconf 88' lang='lat' dir='ltr'><strong>solum</strong></span> <span class='ocrx_word' id='word_1_103' title='bbox 515 3118 638 3172; x_wconf 90' lang='lat' dir='ltr'><strong>usum</strong></span> <span class='ocrx_word' id='word_1_104' title='bbox 654 3091 875 3174; x_wconf 80' lang='lat' dir='ltr'><strong>destinatis</strong></span> <span class='ocrx_word' id='word_1_105' title='bbox 889 3089 1026 3197; x_wconf 88' lang='lat' dir='ltr'><strong>iisque</strong></span> <span class='ocrx_word' id='word_1_106' title='bbox 1038 3089 1271 3200; x_wconf 81' lang='lat' dir='ltr'><strong>purissimis</strong></span> 
     </span>
     <span class='ocr_line' id='line_1_20' title="bbox 225 3239 1271 3352; baseline -0.006 -24"><span class='ocrx_word' id='word_1_107' title='bbox 225 3246 409 3328; x_wconf 73' lang='lat' dir='ltr'><strong>maxima</strong></span> <span class='ocrx_word' id='word_1_108' title='bbox 427 3273 524 3328; x_wconf 93' lang='lat' dir='ltr'><strong>cum</strong></span> <span class='ocrx_word' id='word_1_109' title='bbox 553 3245 655 3327; x_wconf 72' lang='lat' dir='ltr'><strong>cura</strong></span> <span class='ocrx_word' id='word_1_110' title='bbox 683 3270 893 3352; x_wconf 84' lang='lat' dir='ltr'><strong>paremus.</strong></span> <span class='ocrx_word' id='word_1_111' title='bbox 955 3239 1129 3350; x_wconf 87' lang='lat' dir='ltr'><strong>Spiritui</strong></span> <span class='ocrx_word' id='word_1_112' title='bbox 1159 3240 1271 3323; x_wconf 90' lang='lat' dir='ltr'><strong>enim</strong></span> 
     </span>
    </p>
   </div>
   <div class='ocr_carea' id='block_1_5' title="bbox 223 3390 1271 3810">
    <p class='ocr_par' dir='ltr' id='par_1_6' title="bbox 223 3390 1271 3810">
     <span class='ocr_line' id='line_1_21' title="bbox 224 3390 1271 3504; baseline -0.008 -22"><span class='ocrx_word' id='word_1_113' title='bbox 224 3397 326 3498; x_wconf 86' lang='lat' dir='ltr'><strong>vini,·</strong></span> <span class='ocrx_word' id='word_1_114' title='bbox 350 3395 423 3504; x_wconf 93' lang='lat' dir='ltr'><strong>qui</strong></span> <span class='ocrx_word' id='word_1_115' title='bbox 444 3395 561 3477; x_wconf 88' lang='lat' dir='ltr'><strong>calce</strong></span> <span class='ocrx_word' id='word_1_116' title='bbox 581 3392 789 3500; x_wconf 73' lang='lat' dir='ltr'><strong>muraticd</strong></span> <span class='ocrx_word' id='word_1_117' title='bbox 800 3390 1052 3475; x_wconf 82' lang='lat' dir='ltr'><strong>fortissimus</strong></span> <span class='ocrx_word' id='word_1_118' title='bbox 1066 3390 1271 3494; x_wconf 88' lang='lat' dir='ltr'><strong>redditur,</strong></span> 
     </span>
     <span class='ocr_line' id='line_1_22' title="bbox 223 3545 826 3657; baseline -0.008 -27"><span class='ocrx_word' id='word_1_119' title='bbox 223 3569 493 3657; x_wconf 84' lang='lat' dir='ltr'><strong>nequaquam</strong></span> <span class='ocrx_word' id='word_1_120' title='bbox 512 3545 733 3629; x_wconf 87' lang='lat' dir='ltr'><strong>fidendum</strong></span> <span class='ocrx_word' id='word_1_121' title='bbox 748 3556 826 3627; x_wconf 85' lang='lat' dir='ltr'><strong>est.</strong></span> 
     </span>
     <span class='ocr_line' id='line_1_23' title="bbox 231 3695 1269 3810; baseline 0.001 -29"><span class='ocrx_word' id='word_1_122' title='bbox 231 3749 236 3759; x_wconf 93' lang='lat'>·</span> <span class='ocrx_word' id='word_1_123' title='bbox 278 3700 487 3782; x_wconf 78' lang='lat' dir='ltr'><strong>Praeterea</strong></span> <span class='ocrx_word' id='word_1_124' title='bbox 498 3695 693 3804; x_wconf 85' lang='lat' dir='ltr'><strong>aequabili</strong></span> <span class='ocrx_word' id='word_1_125' title='bbox 701 3696 865 3778; x_wconf 87' lang='lat' dir='ltr'><strong>ratione</strong></span> <span class='ocrx_word' id='word_1_126' title='bbox 873 3696 1269 3810; x_wconf 83' lang='lat' dir='ltr'><strong>medicamentapa·</strong></span> 
     </span>
    </p>
   </div>
   <div class='ocr_carea' id='block_1_6' title="bbox 222 3845 1272 4261">
    <p class='ocr_par' dir='ltr' id='par_1_7' title="bbox 222 3845 1272 4261">
     <span class='ocr_line' id='line_1_24' title="bbox 222 3845 1271 3960; baseline 0.001 -27"><span class='ocrx_word' id='word_1_127' title='bbox 222 3845 1271 3960; x_wconf 78' lang='lat' dir='ltr'><strong>randasunt,etspiritusviniejusdemsemperesse</strong></span> 
     </span>
     <span class='ocr_line' id='line_1_25' title="bbox 223 3996 1266 4109; baseline 0.002 -27"><span class='ocrx_word' id='word_1_128' title='bbox 223 3998 537 4082; x_wconf 84' lang='lat' dir='ltr'><strong>virtutisdebet.</strong></span> <span class='ocrx_word' id='word_1_129' title='bbox 572 3996 678 4080; x_wconf 83' lang='lat' dir='ltr'><strong>Haec</strong></span> <span class='ocrx_word' id='word_1_130' title='bbox 690 4024 758 4080; x_wconf 88' lang='lat' dir='ltr'><strong>res</strong></span> <span class='ocrx_word' id='word_1_131' title='bbox 770 4011 922 4082; x_wconf 89' lang='lat' dir='ltr'><strong>notatu</strong></span> <span class='ocrx_word' id='word_1_132' title='bbox 934 4000 1177 4109; x_wconf 84' lang='lat' dir='ltr'><strong>dignissima</strong></span> <span class='ocrx_word' id='word_1_133' title='bbox 1189 4014 1266 4084; x_wconf 83' lang='lat' dir='ltr'><strong>est.</strong></span> 
     </span>
     <span class='ocr_line' id='line_1_26' title="bbox 223 4149 1272 4261; baseline 0.002 -29"><span class='ocrx_word' id='word_1_134' title='bbox 223 4151 334 4235; x_wconf 87' lang='lat' dir='ltr'><strong>Duae</strong></span> <span class='ocrx_word' id='word_1_135' title='bbox 353 4150 548 4233; x_wconf 80' lang='lat' dir='ltr'><strong>tincturae</strong></span> <span class='ocrx_word' id='word_1_136' title='bbox 568 4178 591 4233; x_wconf 94' lang='grc' dir='ltr'><strong>θ</strong></span> <span class='ocrx_word' id='word_1_137' title='bbox 612 4149 759 4260; x_wconf 82' lang='lat' dir='ltr'><strong>spiritu</strong></span> <span class='ocrx_word' id='word_1_138' title='bbox 773 4150 860 4234; x_wconf 93' lang='lat' dir='ltr'><strong>vini</strong></span> <span class='ocrx_word' id='word_1_139' title='bbox 872 4179 957 4235; x_wconf 94' lang='lat' dir='ltr'><strong>non</strong></span> <span class='ocrx_word' id='word_1_140' title='bbox 978 4151 1169 4261; x_wconf 83' lang='lat' dir='ltr'><strong>ejusdem</strong></span> <span class='ocrx_word' id='word_1_141' title='bbox 1187 4152 1272 4236; x_wconf 86' lang='lat' dir='ltr'><strong>vir-</strong></span> 
     </span>
    </p>
   </div>
   <div class='ocr_carea' id='block_1_7' title="bbox 0 0 1546 5040">
    <p class='ocr_par' dir='ltr' id='par_1_8' title="bbox 0 0 1546 5040">
     <span class='ocr_line' id='line_1_27' title="bbox 0 0 1546 5040; baseline 0 2"><span class='ocrx_word' id='word_1_142' title='bbox 0 0 1546 5040; x_wconf 95' lang='lat' dir='ltr'><strong> </strong></span> 
     </span>
    </p>
   </div>
  </div>
 </body>
</html>
