3058 5040
296 365 352 446 78
635 381 987 436 eunaunoorrem

293 548 405 657 parti
425 548 610 630 adfunde
639 558 682 628 et
714 548 768 630 ad
792 545 961 628 tertiam
991 543 1242 625 dilutionem
1269 550 1334 621 at·

196 742 199 747 ·
293 710 433 780 tenua.

350 846 462 926 N.B.
492 845 691 928 Tinotura
709 857 774 927 est
792 844 907 926 rubri
926 844 1078 930 eoloris
1103 842 1148 923 in
1172 841 1339 922 fuscum

294 996 517 1103 vergentis.

531 1165 738 1231 FERRUM
761 1165 1103 1230 METALLICUM.

592 1309 727 1387 Triginta
740 1311 950 1368 attenuationes
964 1291 1047 1386 (X).

353 1432 542 1514 Granum
571 1429 687 1509 Ferri
718 1455 847 1510 unum
876 1429 920 1507 in
950 1427 1089 1536 lapide
1120 1425 1341 1507 tenerioris

297 1579 510 1689 compagis
525 1578 603 1660 sub
620 1579 733 1684 aqua
745 1588 849 1675 tere,
869 1588 911 1658 et
927 1576 1077 1657 eodem
1093 1572 1236 1673 m0d0‚
1256 1601 1341 1681 quo

297 1727 484 1810 remedia
499 1723 767 1831 antipsorioa,
783 1709 918 1831 usque
933 1723 987 1802 sd
1001 1723 1261 1829 trigesimam
1277 1736 1342 1806 at-

300 1873 590 1956 tenuationem
608 1897 723 1977 para.

351 2018 687 2102 Dosis:—Glob.
707 2017 751 2124 ij
774 2019 842 2099 vel
861 2018 904 2128 ij.
925 2019 1151 2125 trigesimae
1170 2032 1339 2102 attenu-

298 2172 464 2253 ationis.

352 2320 462 2400 N.B.
493 2318 562 2398 Ad
580 2318 753 2398 Ferrum
775 2317 997 2397 Aeetioum
1026 2320 1262 2424 parandum
1292 2324 1341 2402 fi-

297 2472 384 2550 lum
404 2466 521 2548 Ferri
548 2464 801 2546 carbonibus
821 2465 1066 2546 ardentibus
1086 2468 1341 2551 calefacien-

298 2617 400 2697 dum
434 2612 723 2695 tenuissimum
759 2624 887 2719 atque
918 2614 1102 2696 calidum
1132 2617 1176 2697 in
1204 2619 1344 2700 Acido

299 2763 477 2845 Aoetioo
497 2747 740 2869 ponendum
761 2773 841 2860 est,
869 2789 953 2869 quo
974 2764 1038 2860 fit,
1067 2776 1115 2845 ut
1138 2767 1344 2872 paulatim

299 2913 497 2992 solvatur.
555 2908 693 2990 Aoido
713 2907 822 3014 ignis
853 2934 935 3016 ope
961 2910 1109 3016 fugato
1135 2911 1196 3009 id,
1226 2914 1345 3020 quod

299 3069 504 3155 remanet,
534 3054 777 3137 siccandum
800 3069 876 3136 est.
938 3056 1079 3163 Hujus
1111 3061 1243 3140 etiam
1273 3088 1341 3142 re·

298 3206 427 3288 medii
465 3204 609 3310 primae
642 3202 954 3284 attenuationes
996 3209 1345 3318 cum18aooharo

298 3354 446 3437 Laetis
466 3350 733 3432 conterendae
753 3363 862 3432 sunt.

354 3495 691 3581 Dosisz-Glob.
712 3498 756 3605 ij.
779 3500 1002 3605 trigesimae
1025 3506 1341 3588 attenuationis.

354 3648 540 3730 Duratio
550 3645 786 3751 t-Magnae
803 3647 893 3755 ejus
908 3651 1033 3731 doses
1046 3663 1089 3732 et
1100 3650 1346 3760 frequenter

299 3797 488 3908 repetitae
506 3821 584 3904 per
602 3794 744 3901 plures
763 3821 928 3876 menses
947 3801 1140 3881 efficaces
1159 3827 1256 3883 esse
1276 3831 1346 3886 so-

285 3951 404 4044 ient,
427 3943 529 4049 quin
549 3942 677 4023 etiam
693 3969 832 4049 parvae
850 3968 927 4049 per
943 3945 1086 4051 plures
1100 3947 1192 4030 dies
1207 3955 1345 4034 effica-

155 4156 160 4173 ·
300 4097 473 4180 citatem
492 4117 611 4174 suam
629 4089 826 4170 retinent.
