<?xml version="1.0" encoding="UTF-8"?>
<!DOCTYPE html PUBLIC "-//W3C//DTD XHTML 1.0 Transitional//EN"
    "http://www.w3.org/TR/xhtml1/DTD/xhtml1-transitional.dtd">
<html xmlns="http://www.w3.org/1999/xhtml" xml:lang="en" lang="en">
 <head>
  <title>
</title>
<meta http-equiv="Content-Type" content="text/html;charset=utf-8" />
  <meta name='ocr-system' content='tesseract 3.04.00' />
  <meta name='ocr-capabilities' content='ocr_page ocr_carea ocr_par ocr_line ocrx_word'/>
</head>
<body>
  <div class='ocr_page' id='page_1' title='image "./pharmacopoeiaho00quingoog_0175.png"; bbox 0 0 3058 5040; ppageno 0'>
   <div class='ocr_carea' id='block_1_1' title="bbox 266 364 962 440">
    <p class='ocr_par' dir='ltr' id='par_1_1' title="bbox 266 364 962 440">
     <span class='ocr_line' id='line_1_1' title="bbox 266 364 962 440; baseline 0.001 -5"><span class='ocrx_word' id='word_1_1' title='bbox 266 364 345 436; x_wconf 84' lang='lat'><strong>140</strong></span> <span class='ocrx_word' id='word_1_2' title='bbox 608 385 962 440; x_wconf 74' lang='lat' dir='ltr'><strong>rimunmcormm</strong></span> 
     </span>
    </p>
   </div>
   <div class='ocr_carea' id='block_1_2' title="bbox 261 546 1318 1553">
    <p class='ocr_par' dir='ltr' id='par_1_2' title="bbox 261 546 1316 784">
     <span class='ocr_line' id='line_1_2' title="bbox 316 546 1316 660; baseline -0.005 -29"><span class='ocrx_word' id='word_1_3' title='bbox 316 549 605 634; x_wconf 84' lang='lat' dir='ltr'><strong>Durat—Vel</strong></span> <span class='ocrx_word' id='word_1_4' title='bbox 623 578 765 660; x_wconf 84' lang='lat' dir='ltr'><strong>parvae</strong></span> <span class='ocrx_word' id='word_1_5' title='bbox 785 552 911 634; x_wconf 84' lang='lat' dir='ltr'><strong>doses</strong></span> <span class='ocrx_word' id='word_1_6' title='bbox 924 577 1003 659; x_wconf 92' lang='lat' dir='ltr'><strong>per</strong></span> <span class='ocrx_word' id='word_1_7' title='bbox 1019 548 1208 658; x_wconf 90' lang='lat' dir='ltr'><strong>quinque</strong></span> <span class='ocrx_word' id='word_1_8' title='bbox 1223 546 1316 627; x_wconf 86' lang='lat' dir='ltr'><strong>dies</strong></span> 
     </span>
     <span class='ocr_line' id='line_1_3' title="bbox 261 699 1099 784; baseline 0 -4"><span class='ocrx_word' id='word_1_9' title='bbox 261 712 305 781; x_wconf 88' lang='lat' dir='ltr'><strong>ct</strong></span> <span class='ocrx_word' id='word_1_10' title='bbox 325 699 436 782; x_wconf 84' lang='lat' dir='ltr'><strong>ultra</strong></span> <span class='ocrx_word' id='word_1_11' title='bbox 453 701 748 783; x_wconf 84' lang='lat' dir='ltr'><strong>efficacitatem</strong></span> <span class='ocrx_word' id='word_1_12' title='bbox 764 729 883 784; x_wconf 87' lang='lat' dir='ltr'><strong>suam</strong></span> <span class='ocrx_word' id='word_1_13' title='bbox 901 700 1099 784; x_wconf 85' lang='lat' dir='ltr'><strong>retinent.</strong></span> 
     </span>
    </p>

    <p class='ocr_par' dir='ltr' id='par_1_3' title="bbox 262 847 1318 1553">
     <span class='ocr_line' id='line_1_4' title="bbox 317 847 1316 958; baseline -0.001 -29"><span class='ocrx_word' id='word_1_14' title='bbox 317 847 683 958; x_wconf 85' lang='lat' dir='ltr'><strong>Antid.-Lorgus</strong></span> <span class='ocrx_word' id='word_1_15' title='bbox 724 863 767 932; x_wconf 89' lang='lat' dir='ltr'><strong>et</strong></span> <span class='ocrx_word' id='word_1_16' title='bbox 802 850 924 932; x_wconf 88' lang='lat' dir='ltr'><strong>fortis</strong></span> <span class='ocrx_word' id='word_1_17' title='bbox 966 849 1126 931; x_wconf 87' lang='lat' dir='ltr'><strong>Coffeae</strong></span> <span class='ocrx_word' id='word_1_18' title='bbox 1166 859 1316 957; x_wconf 88' lang='lat' dir='ltr'><strong>potus,</strong></span> 
     </span>
     <span class='ocr_line' id='line_1_5' title="bbox 265 994 1317 1105; baseline -0.003 -27"><span class='ocrx_word' id='word_1_19' title='bbox 265 997 505 1105; x_wconf 85' lang='lat' dir='ltr'><strong>Camphora</strong></span> <span class='ocrx_word' id='word_1_20' title='bbox 524 1008 567 1080; x_wconf 90' lang='lat' dir='ltr'><strong>et</strong></span> <span class='ocrx_word' id='word_1_21' title='bbox 587 999 818 1080; x_wconf 91' lang='lat' dir='ltr'><strong>Aconitum</strong></span> <span class='ocrx_word' id='word_1_22' title='bbox 844 999 1055 1105; x_wconf 88' lang='lat' dir='ltr'><strong>Napellus</strong></span> <span class='ocrx_word' id='word_1_23' title='bbox 1080 997 1193 1080; x_wconf 86' lang='lat' dir='ltr'><strong>vires</strong></span> <span class='ocrx_word' id='word_1_24' title='bbox 1221 994 1317 1102; x_wconf 85' lang='lat' dir='ltr'><strong>ejus</strong></span> 
     </span>
     <span class='ocr_line' id='line_1_6' title="bbox 262 1143 1318 1256; baseline -0.006 -26"><span class='ocrx_word' id='word_1_25' title='bbox 262 1147 412 1230; x_wconf 85' lang='lat' dir='ltr'><strong>nimios</strong></span> <span class='ocrx_word' id='word_1_26' title='bbox 456 1159 744 1256; x_wconf 88' lang='lat' dir='ltr'><strong>compescunt.</strong></span> <span class='ocrx_word' id='word_1_27' title='bbox 817 1147 1122 1250; x_wconf 83' lang='lat' dir='ltr'><strong>Incommodis,</strong></span> <span class='ocrx_word' id='word_1_28' title='bbox 1159 1143 1318 1254; x_wconf 86' lang='lat' dir='ltr'><strong>quibus</strong></span> 
     </span>
     <span class='ocr_line' id='line_1_7' title="bbox 264 1294 1318 1404; baseline -0.005 -25"><span class='ocrx_word' id='word_1_29' title='bbox 264 1297 420 1379; x_wconf 83' lang='lat' dir='ltr'><strong>abusus</strong></span> <span class='ocrx_word' id='word_1_30' title='bbox 448 1295 618 1379; x_wconf 87' lang='lat' dir='ltr'><strong>Veratri</strong></span> <span class='ocrx_word' id='word_1_31' title='bbox 647 1295 748 1378; x_wconf 88' lang='lat' dir='ltr'><strong>Albi</strong></span> <span class='ocrx_word' id='word_1_32' title='bbox 774 1295 893 1378; x_wconf 84' lang='lat' dir='ltr'><strong>dedit</strong></span> <span class='ocrx_word' id='word_1_33' title='bbox 923 1296 1146 1404; x_wconf 87' lang='lat' dir='ltr'>originem,</span> <span class='ocrx_word' id='word_1_34' title='bbox 1177 1294 1318 1376; x_wconf 86' lang='lat' dir='ltr'><strong>China</strong></span> 
     </span>
     <span class='ocr_line' id='line_1_8' title="bbox 263 1444 599 1553; baseline -0.012 -24"><span class='ocrx_word' id='word_1_35' title='bbox 263 1444 503 1553; x_wconf 81' lang='lat' dir='ltr'><strong>objiciendo</strong></span> <span class='ocrx_word' id='word_1_36' title='bbox 521 1458 599 1528; x_wconf 87' lang='lat' dir='ltr'><strong>est.</strong></span> 
     </span>
    </p>
   </div>
   <div class='ocr_carea' id='block_1_3' title="bbox 479 1649 1094 1719">
    <p class='ocr_par' dir='ltr' id='par_1_4' title="bbox 479 1649 1094 1719">
     <span class='ocr_line' id='line_1_9' title="bbox 479 1649 1094 1719; baseline 0.002 -3"><span class='ocrx_word' id='word_1_37' title='bbox 479 1649 781 1719; x_wconf 84' lang='lat' dir='ltr'><strong>VERBASCUM</strong></span> <span class='ocrx_word' id='word_1_38' title='bbox 806 1649 1029 1717; x_wconf 86' lang='lat' dir='ltr'>THAPSUS</span> <span class='ocrx_word' id='word_1_39' title='bbox 1052 1652 1094 1718; x_wconf 89' lang='lat' dir='ltr'><strong>L.</strong></span> 
     </span>
    </p>
   </div>
   <div class='ocr_carea' id='block_1_4' title="bbox 263 1799 1317 2360">
    <p class='ocr_par' dir='ltr' id='par_1_5' title="bbox 263 1799 1317 2185">
     <span class='ocr_line' id='line_1_10' title="bbox 321 1799 1315 1910; baseline 0.005 -29"><span class='ocrx_word' id='word_1_40' title='bbox 321 1799 504 1882; x_wconf 89' lang='lat' dir='ltr'><strong>Succum</strong></span> <span class='ocrx_word' id='word_1_41' title='bbox 525 1828 549 1882; x_wconf 92' lang='lat' dir='ltr'><strong>e</strong></span> <span class='ocrx_word' id='word_1_42' title='bbox 568 1801 702 1884; x_wconf 74' lang='lat' dir='ltr'><strong>herbt</strong></span> <span class='ocrx_word' id='word_1_43' title='bbox 726 1802 884 1910; x_wconf 83' lang='lat' dir='ltr'><strong>plantae</strong></span> <span class='ocrx_word' id='word_1_44' title='bbox 915 1828 1063 1883; x_wconf 85' lang='lat' dir='ltr'><strong>mense</strong></span> <span class='ocrx_word' id='word_1_45' title='bbox 1092 1803 1123 1883; x_wconf 87' lang='lat' dir='ltr'>J</span> <span class='ocrx_word' id='word_1_46' title='bbox 1125 1803 1212 1885; x_wconf 93' lang='lat' dir='ltr'><strong>ulio</strong></span> <span class='ocrx_word' id='word_1_47' title='bbox 1240 1830 1315 1886; x_wconf 84' lang='lat' dir='ltr'><strong>ex-</strong></span> 
     </span>
     <span class='ocr_line' id='line_1_11' title="bbox 263 1949 1317 2059; baseline 0.001 -29"><span class='ocrx_word' id='word_1_48' title='bbox 263 1975 456 2058; x_wconf 86' lang='lat' dir='ltr'><strong>pressum</strong></span> <span class='ocrx_word' id='word_1_49' title='bbox 484 1976 580 2031; x_wconf 92' lang='lat' dir='ltr'><strong>cum</strong></span> <span class='ocrx_word' id='word_1_50' title='bbox 608 1950 700 2058; x_wconf 87' lang='lat' dir='ltr'><strong>pari</strong></span> <span class='ocrx_word' id='word_1_51' title='bbox 732 1949 970 2057; x_wconf 82' lang='lat' dir='ltr'><strong>quontitate¹</strong></span> <span class='ocrx_word' id='word_1_52' title='bbox 995 1951 1179 2059; x_wconf 83' lang='lat' dir='ltr'><strong>Spiritus</strong></span> <span class='ocrx_word' id='word_1_53' title='bbox 1212 1951 1317 2032; x_wconf 91' lang='lat' dir='ltr'><strong>Vini</strong></span> 
     </span>
     <span class='ocr_line' id='line_1_12' title="bbox 264 2098 504 2185; baseline -0.004 -5"><span class='ocrx_word' id='word_1_54' title='bbox 264 2098 504 2185; x_wconf 85' lang='lat' dir='ltr'><strong>commisce.</strong></span> 
     </span>
    </p>

    <p class='ocr_par' dir='ltr' id='par_1_6' title="bbox 318 2249 1314 2360">
     <span class='ocr_line' id='line_1_13' title="bbox 318 2249 1314 2360; baseline 0.004 -32"><span class='ocrx_word' id='word_1_55' title='bbox 318 2249 617 2333; x_wconf 67' lang='lat' dir='ltr'><strong>Duo-Gutta</strong></span> <span class='ocrx_word' id='word_1_56' title='bbox 634 2276 765 2360; x_wconf 85' lang='lat' dir='ltr'><strong>parva</strong></span> <span class='ocrx_word' id='word_1_57' title='bbox 786 2250 980 2334; x_wconf 86' lang='lat' dir='ltr'><strong>tincturae</strong></span> <span class='ocrx_word' id='word_1_58' title='bbox 1007 2261 1314 2334; x_wconf 80' lang='lat' dir='ltr'><strong>concontratae.</strong></span> 
     </span>
    </p>
   </div>
   <div class='ocr_carea' id='block_1_5' title="bbox 563 2464 1038 2691">
    <p class='ocr_par' dir='ltr' id='par_1_7' title="bbox 563 2464 1038 2691">
     <span class='ocr_line' id='line_1_14' title="bbox 581 2464 985 2534; baseline 0.007 -3"><span class='ocrx_word' id='word_1_59' title='bbox 581 2464 732 2533; x_wconf 86' lang='lat' dir='ltr'>VINCA</span> <span class='ocrx_word' id='word_1_60' title='bbox 756 2467 919 2533; x_wconf 90' lang='lat' dir='ltr'><strong>MINOR</strong></span> <span class='ocrx_word' id='word_1_61' title='bbox 944 2468 985 2534; x_wconf 91' lang='lat' dir='ltr'><strong>L.</strong></span> 
     </span>
     <span class='ocr_line' id='line_1_15' title="bbox 563 2594 1038 2691; baseline 0.002 -25"><span class='ocrx_word' id='word_1_62' title='bbox 563 2608 697 2688; x_wconf 84' lang='lat' dir='ltr'><strong>Triginta</strong></span> <span class='ocrx_word' id='word_1_63' title='bbox 710 2612 923 2671; x_wconf 83' lang='lat' dir='ltr'><strong>attenuationes</strong></span> <span class='ocrx_word' id='word_1_64' title='bbox 953 2594 1038 2691; x_wconf 83' lang='lat' dir='ltr'><strong>(X).</strong></span> 
     </span>
    </p>
   </div>
   <div class='ocr_carea' id='block_1_6' title="bbox 264 2751 1311 3007">
    <p class='ocr_par' dir='ltr' id='par_1_8' title="bbox 264 2751 1311 3007">
     <span class='ocr_line' id='line_1_16' title="bbox 318 2751 1311 2866; baseline 0.012 -34"><span class='ocrx_word' id='word_1_65' title='bbox 318 2753 429 2833; x_wconf 86' lang='lat' dir='ltr'><strong>Tota</strong></span> <span class='ocrx_word' id='word_1_66' title='bbox 439 2751 602 2860; x_wconf 85' lang='lat' dir='ltr'><strong>planta,</strong></span> <span class='ocrx_word' id='word_1_67' title='bbox 618 2752 717 2832; x_wconf 92' lang='lat' dir='ltr'><strong>dum</strong></span> <span class='ocrx_word' id='word_1_68' title='bbox 733 2752 855 2835; x_wconf 89' lang='lat' dir='ltr'><strong>floret</strong></span> <span class='ocrx_word' id='word_1_69' title='bbox 867 2754 911 2835; x_wconf 93' lang='lat' dir='ltr'><strong>in</strong></span> <span class='ocrx_word' id='word_1_70' title='bbox 923 2757 1061 2866; x_wconf 88' lang='lat' dir='ltr'><strong>Aprili</strong></span> <span class='ocrx_word' id='word_1_71' title='bbox 1077 2771 1152 2841; x_wconf 85' lang='lat' dir='ltr'><strong>aut</strong></span> <span class='ocrx_word' id='word_1_72' title='bbox 1171 2759 1311 2862; x_wconf 84' lang='lat' dir='ltr'><strong>Maio,</strong></span> 
     </span>
     <span class='ocr_line' id='line_1_17' title="bbox 264 2897 565 3007; baseline -0.013 -24"><span class='ocrx_word' id='word_1_73' title='bbox 264 2899 407 3007; x_wconf 85' lang='lat' dir='ltr'><strong>colligi</strong></span> <span class='ocrx_word' id='word_1_74' title='bbox 425 2897 565 2980; x_wconf 91' lang='lat' dir='ltr'><strong>debet.</strong></span> 
     </span>
    </p>
   </div>
   <div class='ocr_carea' id='block_1_7' title="bbox 263 3046 1313 3579">
    <p class='ocr_par' dir='ltr' id='par_1_9' title="bbox 263 3046 1313 3315">
     <span class='ocr_line' id='line_1_18' title="bbox 318 3046 1313 3161; baseline 0.016 -31"><span class='ocrx_word' id='word_1_75' title='bbox 318 3049 427 3130; x_wconf 85' lang='lat' dir='ltr'><strong>Para</strong></span> <span class='ocrx_word' id='word_1_76' title='bbox 459 3046 587 3128; x_wconf 92' lang='lat' dir='ltr'><strong>modo</strong></span> <span class='ocrx_word' id='word_1_77' title='bbox 624 3050 855 3132; x_wconf 90' lang='lat' dir='ltr'><strong>recentium</strong></span> <span class='ocrx_word' id='word_1_78' title='bbox 891 3054 1135 3161; x_wconf 87' lang='lat' dir='ltr'><strong>plantarum</strong></span> <span class='ocrx_word' id='word_1_79' title='bbox 1167 3073 1212 3144; x_wconf 89' lang='lat' dir='ltr'><strong>et</strong></span> <span class='ocrx_word' id='word_1_80' title='bbox 1255 3064 1313 3145; x_wconf 85' lang='lat' dir='ltr'><strong>od</strong></span> 
     </span>
     <span class='ocr_line' id='line_1_19' title="bbox 263 3197 1070 3315; baseline 0.015 -36"><span class='ocrx_word' id='word_1_81' title='bbox 263 3197 521 3306; x_wconf 83' lang='lat' dir='ltr'><strong>trigesimam</strong></span> <span class='ocrx_word' id='word_1_82' title='bbox 541 3198 874 3283; x_wconf 71' lang='lat' dir='ltr'><strong>attenuationem</strong></span> <span class='ocrx_word' id='word_1_83' title='bbox 893 3207 1070 3315; x_wconf 88' lang='lat' dir='ltr'><strong>explica.</strong></span> 
     </span>
    </p>

    <p class='ocr_par' dir='ltr' id='par_1_10' title="bbox 263 3345 1311 3579">
     <span class='ocr_line' id='line_1_20' title="bbox 317 3345 1311 3463; baseline 0.018 -35"><span class='ocrx_word' id='word_1_84' title='bbox 317 3345 450 3428; x_wconf 81' lang='lat' dir='ltr'><strong>Dosis</strong></span> <span class='ocrx_word' id='word_1_85' title='bbox 466 3345 659 3429; x_wconf 77' lang='lat' dir='ltr'><strong>2-Glob.</strong></span> <span class='ocrx_word' id='word_1_86' title='bbox 680 3346 739 3456; x_wconf 88' lang='lat' dir='ltr'><strong>iij.</strong></span> <span class='ocrx_word' id='word_1_87' title='bbox 761 3363 833 3432; x_wconf 89' lang='lat' dir='ltr'><strong>aut</strong></span> <span class='ocrx_word' id='word_1_88' title='bbox 861 3351 917 3435; x_wconf 87' lang='lat' dir='ltr'><strong>vi.</strong></span> <span class='ocrx_word' id='word_1_89' title='bbox 938 3347 1165 3463; x_wconf 78' lang='lat' dir='ltr'><strong>trigesimae</strong></span> <span class='ocrx_word' id='word_1_90' title='bbox 1197 3374 1311 3446; x_wconf 85' lang='lat' dir='ltr'><strong>atte-</strong></span> 
     </span>
     <span class='ocr_line' id='line_1_21' title="bbox 263 3495 487 3579; baseline -0.013 0"><span class='ocrx_word' id='word_1_91' title='bbox 263 3495 487 3579; x_wconf 87' lang='lat' dir='ltr'><strong>nuationis.</strong></span> 
     </span>
    </p>
   </div>
   <div class='ocr_carea' id='block_1_8' title="bbox 542 3677 1025 3758">
    <p class='ocr_par' dir='ltr' id='par_1_11' title="bbox 542 3677 1025 3758">
     <span class='ocr_line' id='line_1_22' title="bbox 542 3677 1025 3758; baseline 0.025 -14"><span class='ocrx_word' id='word_1_92' title='bbox 542 3677 693 3744; x_wconf 87' lang='lat' dir='ltr'>VIOLA</span> <span class='ocrx_word' id='word_1_93' title='bbox 717 3679 960 3752; x_wconf 86' lang='lat' dir='ltr'><strong>ODORATA</strong></span> <span class='ocrx_word' id='word_1_94' title='bbox 985 3688 1025 3758; x_wconf 85' lang='lat' dir='ltr'><strong>L.</strong></span> 
     </span>
    </p>
   </div>
   <div class='ocr_carea' id='block_1_9' title="bbox 261 3831 1311 4246">
    <p class='ocr_par' dir='ltr' id='par_1_12' title="bbox 261 3831 1311 4246">
     <span class='ocr_line' id='line_1_23' title="bbox 513 3831 1048 3926; baseline 0.015 -28"><span class='ocrx_word' id='word_1_95' title='bbox 513 3838 677 3900; x_wconf 86' lang='lat' dir='ltr'><strong>Duodecim</strong></span> <span class='ocrx_word' id='word_1_96' title='bbox 698 3843 912 3904; x_wconf 80' lang='lat' dir='ltr'><strong>attenuationes</strong></span> <span class='ocrx_word' id='word_1_97' title='bbox 945 3831 1048 3926; x_wconf 85' lang='lat' dir='ltr'><strong>(IV).</strong></span> 
     </span>
     <span class='ocr_line' id='line_1_24' title="bbox 321 3974 1311 4088; baseline 0.024 -31"><span class='ocrx_word' id='word_1_98' title='bbox 321 3975 546 4058; x_wconf 89' lang='lat' dir='ltr'><strong>Succume</strong></span> <span class='ocrx_word' id='word_1_99' title='bbox 567 3974 741 4057; x_wconf 87' lang='lat' dir='ltr'><strong>floribus</strong></span> <span class='ocrx_word' id='word_1_100' title='bbox 755 3975 880 4083; x_wconf 89' lang='lat' dir='ltr'><strong>hujus</strong></span> <span class='ocrx_word' id='word_1_101' title='bbox 897 3981 1057 4088; x_wconf 85' lang='lat' dir='ltr'><strong>plantae</strong></span> <span class='ocrx_word' id='word_1_102' title='bbox 1076 3992 1311 4080; x_wconf 73' lang='lat' dir='ltr'><strong>notissimae</strong></span> 
     </span>
     <span class='ocr_line' id='line_1_25' title="bbox 261 4124 1310 4246; baseline 0.023 -41"><span class='ocrx_word' id='word_1_103' title='bbox 261 4125 448 4240; x_wconf 87' lang='lat' dir='ltr'><strong>exprime</strong></span> <span class='ocrx_word' id='word_1_104' title='bbox 464 4138 508 4208; x_wconf 90' lang='lat' dir='ltr'><strong>et</strong></span> <span class='ocrx_word' id='word_1_105' title='bbox 527 4152 624 4209; x_wconf 90' lang='lat' dir='ltr'><strong>cum</strong></span> <span class='ocrx_word' id='word_1_106' title='bbox 642 4124 733 4236; x_wconf 86' lang='lat' dir='ltr'><strong>pari</strong></span> <span class='ocrx_word' id='word_1_107' title='bbox 755 4125 935 4234; x_wconf 85' lang='lat' dir='ltr'><strong>Spiritus</strong></span> <span class='ocrx_word' id='word_1_108' title='bbox 952 4132 1055 4216; x_wconf 89' lang='lat' dir='ltr'><strong>Vini</strong></span> <span class='ocrx_word' id='word_1_109' title='bbox 1068 4143 1310 4246; x_wconf 83' lang='lat' dir='ltr'><strong>quantitate</strong></span> 
     </span>
    </p>
   </div>
   <div class='ocr_carea' id='block_1_10' title="bbox 0 0 1541 5040">
    <p class='ocr_par' dir='ltr' id='par_1_13' title="bbox 0 0 1541 5040">
     <span class='ocr_line' id='line_1_26' title="bbox 0 0 1541 5040; baseline 0 0"><span class='ocrx_word' id='word_1_110' title='bbox 0 0 1541 5040; x_wconf 95' lang='lat' dir='ltr'><strong> </strong></span> 
     </span>
    </p>
   </div>
  </div>
 </body>
</html>
