3084 5040
199 412 201 415 ,
290 337 345 412 24
645 353 993 407 rnnnnncormra

295 525 423 607 alium
441 521 624 604 induerit
645 522 847 616 colorem,
870 547 923 601 ne
942 519 1102 627 aliquid
1112 519 1166 601 de
1185 517 1237 598 iis
1257 515 1344 624 spi-

296 677 381 757 ritu
398 676 485 757 vini
505 677 690 756 solutum
724 671 921 754 remediis
953 671 1235 752 admisceatur
1266 693 1341 748 eo-

296 853 473 934 rumque
488 827 597 908 vires
616 825 781 933 perdat.

356 978 464 1060 Cum
483 979 572 1060 fere
588 978 692 1059 nihil
712 979 781 1077 sit,
815 978 930 1086 quod
949 976 1083 1084 magis
1102 974 1228 1057 nobis
1247 975 1340 1054 offi-

298 1129 381 1210 ciat
411 1129 454 1211 in
485 1128 642 1212 viribus
671 1127 953 1209 remediorum
984 1126 1208 1207 fluidonrm
1240 1149 1342 1204 con·

300 1280 533 1380 servandis,
554 1306 681 1387 quam
699 1280 814 1360 calor
829 1290 872 1360 et
883 1281 971 1378 lux,
986 1290 1226 1384 utrumque,
1242 1300 1345 1382 qua-

298 1444 425 1514 tenus
459 1431 549 1513 fieri
574 1443 729 1541 potest,
762 1456 786 1511 a
816 1431 1011 1512 remediis
1042 1429 1174 1511 arceri
1201 1427 1344 1522 debet,

300 1611 397 1665 cum
416 1583 635 1692 impediat,
655 1609 739 1690 quo
755 1583 894 1662 minus
909 1609 986 1690 per
998 1580 1164 1686 longius
1176 1590 1345 1685 tempus

298 1735 465 1840 integra
484 1747 695 1815 maneant.
756 1735 857 1814 Non
878 1732 1014 1812 solum
1041 1731 1152 1811 enim
1174 1727 1344 1837 spiritus

297 1883 398 1983 vini,
423 1909 551 1991 quem
571 1884 672 1964 solis
693 1883 798 1964 radii
817 1883 1012 1963 feriunt*
1030 1881 1148 1964 brevi
1170 1879 1341 1975 acescit,

253 2009 259 2018 ⁴
298 2035 374 2115 sed
393 2034 501 2115 vires
523 2060 692 2140 quoque
711 2033 1115 2114 medicamentorum
1134 2032 1230 2111 luce
1249 2041 1342 2110 tae-

297 2198 439 2266 torum
457 2184 658 2265 continuo
691 2195 883 2292 pereunt.
945 2182 1044 2279 Qua
1064 2183 1182 2262 dere
1203 2180 1343 2262 omnia

297 2335 496 2423 remedia,
540 2345 583 2415 et
621 2333 841 2414 mineralia
874 2345 916 2414 et
947 2331 1217 2439 vegetabilia,
1256 2358 1343 2412 non

300 2487 438 2566 solum
457 2484 626 2591 frigid0,
661 2483 738 2564 sed
769 2483 951 2564 obscuro
984 2483 1111 2563 etiam
1143 2481 1240 2562 loco
1274 2507 1340 2561 re·

299 2635 424 2717 condi
437 2633 608 2716 debent.
658 2633 822 2730 Quodsi
836 2644 979 2714 autem
993 2631 1226 2713 necessitas
1241 2657 1342 2740 pos-

298 2786 372 2884 cit,
390 2796 438 2866 ut
459 2783 502 2864 in
523 2782 691 2864 officina
708 2794 983 2892 reponantur,
998 2783 1208 2890 deligatur
1225 2783 1344 2863 locus

297 2935 551 3041 liberatque
573 2935 659 3015 aeri
688 2933 870 3040 pervius,
905 2932 958 3013 ad
980 2958 1105 3038 quem
1140 2931 1240 3014 solis
1270 2932 1344 3013 lux

298 3086 516 3195 pervenire
528 3095 725 3193 nequeat.
785 3082 966 3163 Proinde
984 3081 1211 3165 humiditas
1233 3112 1258 3164 a
1277 3109 1344 3164 re-

297 3235 448 3318 mediis
468 3234 833 3344 homoeopathiciS,
865 3245 909 3315 ct
938 3234 1149 3342 praecipuc
1171 3235 1342 3341 quidem

299 3413 326 3466 a
341 3385 473 3466 Terra
489 3386 707 3483 Calcarat,
726 3385 898 3492 Hepate
916 3382 1151 3492 Sulphuris,
1168 3384 1340 3493 Baryta,

337 3683 355 3719 ⁴*
375 3683 581 3742 Tinctnrarum
604 3701 717 3740 acorem
739 3682 804 3740 calx
826 3702 899 3759 pura
920 3682 948 3739 in
973 3679 1122 3758 pulverem
1148 3680 1283 3740 subtilem
1297 3701 1344 3740 re·

298 3785 383 3843 dacta
405 3803 497 3863 eaque
520 3803 686 3863 compressa
709 3783 816 3860 prodit,
846 3803 913 3860 quae
938 3781 962 3841 si
985 3783 1118 3841 tincturae
1141 3783 1343 3843 examinandas

297 3899 410 3965 guttam
424 3885 617 3964 placidissime
632 3886 749 3963 insugit,
774 3886 889 3963 signnm
910 3898 964 3954 est,
990 3885 1067 3943 illam
1089 3884 1217 3943 nondum
1232 3886 1344 3944 acidam

298 3989 344 4048 vel
360 4001 524 4066 corruptam
539 4007 612 4056 esse,
634 3988 789 4045 sinautem
808 4007 908 4065 parvae
931 3987 1021 4046 bullae
1043 4001 1228 4056 enascuntur,
1240 3970 1343 4046 'mani-

298 4090 403 4148 festum
418 4107 471 4158 est,
487 4088 641 4148 tincturam
656 4103 684 4147 et
698 4089 811 4148 acidam
825 4089 930 4148 factam
954 4101 984 4146 et
1006 4089 1116 4148 viribus
1138 4088 1258 4148 medicis
1280 4107 1344 4148 esse

297 4193 477 4253 destitutam.
