3084 5040
526 419 882 475 uonoaoenrurca.
1183 401 1230 482 17

185 584 286 666 nula
305 583 415 666 bene
438 584 639 670 obturata
663 590 960 672 reconduntur.
1022 587 1122 670 Hoc
1147 588 1233 696 pri-

185 764 298 817 mam
333 737 551 821 constituit
578 741 914 823 attenuationem
942 752 986 822 et
1016 741 1137 847 signo
1159 738 1228 849 (1)

185 884 441 988 inscribitur,
466 917 552 999 quo
565 889 631 972 vis
646 891 806 973 centies
820 903 946 973 aucta
960 889 1228 998 significetur.

188 1032 323 1142 (Vide
341 1038 540 1146 paginam
556 1037 622 1140 19,
639 1040 710 1121 De
730 1041 1089 1139 denominatione,
1108 1038 1216 1148 ue.)
1273 1059 1275 1064 ·

242 1186 303 1269 Ut
316 1189 503 1270 secunda
517 1190 753 1272 attenuatio
769 1190 951 1272 obtineri
967 1189 1118 1299 possit,
1136 1216 1232 1296 gra-

185 1364 286 1421 num
314 1367 443 1421 unum
476 1339 621 1449 primae
648 1340 950 1423 attenuationis
979 1341 1108 1421 misce
1133 1367 1231 1448 cum
1247 1375 1279 1459 3

185 1491 360 1600 triginta
378 1491 513 1576 tribus
534 1493 721 1576 sacchari
741 1494 863 1576 lactis
880 1527 891 1592 ;
925 1493 969 1573 in
986 1493 1134 1602 patera
1150 1491 1238 1601 pis·

186 1643 267 1726 tilli
300 1670 381 1752 ope
414 1655 521 1744 tere,
557 1659 686 1754 atque
719 1645 848 1727 modo
879 1643 1065 1725 indicato
1097 1653 1255 1724 tracta·

186 1794 248 1875 ita
265 1806 312 1876 ut
333 1795 491 1903 quaevis
510 1796 637 1877 tertia
653 1822 752 1906 pars
771 1823 848 1905 per
865 1795 931 1879 bis
944 1807 995 1892 ᾗ
1014 1794 1128 1876 horae
1145 1757 1233 1874 for-

186 1943 286 2026 titer
314 1956 500 2028 teratur:
545 1945 645 2029 trita
686 1973 787 2028 vero
821 1944 949 2028 toties
979 1956 1022 2025 et
1061 1941 1231 2068 quidem

185 2123 263 2206 per
279 2110 331 2194 ῑῑς
362 2097 497 2188 horae·
514 2097 741 2180 abradatur
768 2096 1014 2208 priusquam
1045 2085 1255 2176 secunda

189 2260 232 2330 et
270 2248 420 2330 ultima
456 2249 582 2330 tertia
616 2247 804 2330 sacchari
834 2246 958 2328 lactis
988 2272 1086 2355 pars
1125 2243 1231 2352 adji-

190 2397 340 2500 ciatur,
364 2410 493 2508 atque
513 2398 704 2480 similiter
736 2397 896 2506 perbis
915 2411 966 2494 ᾗ
985 2397 1100 2480 horae
1120 2407 1232 2478 tera-

188 2562 271 2649 tur,
302 2561 350 2631 ut
370 2549 553 2657 denique
577 2547 753 2629 abrasus
771 2547 814 2628 in
833 2575 933 2630 vase
965 2547 1098 2629 vitreo
1124 2544 1234 2627 bene

188 2700 331 2782 clauso
346 2698 520 2780 recondi
536 2698 712 2806 possit*
771 2697 870 2779 Hoc
884 2699 1112 2781 secundam
1129 2723 1231 2778 con·

189 2849 324 2932 stituit
338 2847 688 2948 attenuationem,
711 2859 754 2929 et
774 2847 893 2956 signo
910 2847 978 2957 (a)
999 2848 1138 2930 notari
1158 2848 1235 2928 de-

190 2998 280 3100 bet,
302 3026 387 3106 quo
407 2999 470 3081 vis
499 2998 673 3080 remedii
693 2999 835 3082 decies
854 2999 1004 3080 millies
1024 2998 1235 3106 explicata

188 3154 408 3237 indicetur.

239 3305 403 3388 Eodem
421 3307 551 3387 modo
571 3333 748 3413 granum
761 3304 887 3413 hujus
905 3305 1088 3413 pulveris
1104 3329 1234 3384 unum

189 3467 340 3554 tracta,
361 3468 409 3538 ut
429 3455 554 3536 tertia
573 3455 808 3537 attenuatio
829 3449 1115 3554 obtineatun*
1138 3481 1233 3563 quae

190 3606 312 3713 signo
326 3606 374 3708 (I)
388 3605 613 3704 indicatur,
632 3603 792 3711 quovis
812 3604 903 3712 ejus
919 3605 1060 3686 decies
1074 3607 1233 3689 centies

188 3758 339 3840 millies
359 3757 604 3865 explicetur.

247 3908 404 3998 Omnia
417 3906 605 3991 remedia
618 3905 662 3990 in
676 3907 894 4014 pulverem
906 3909 1057 3992 decies
1072 3909 1233 3992 centies

189 4058 340 4142 millies
353 4069 619 4140 attenuatum
631 4057 803 4140 redacta
815 4060 927 4168 aqud
938 4070 981 4142 et
994 4045 1234 4168 spirituvini

546 4230 563 4262 ⁴*
586 4228 662 4285 Vide
674 4242 781 4298 notam,
794 4251 822 4306 p.
837 4235 881 4288 16.
954 4291 956 4296 ,

694 4359 718 4412 C
