3084 5040
317 337 371 410 36
664 311 1017 410 aunnnacormra

315 549 446 622 mam,
467 522 620 604 eodem
637 523 765 604 modo
784 533 831 605 ut
849 521 893 603 in
917 518 1074 630 plantis
1105 513 1365 614 recentibus,

318 681 504 753 attenua.
566 671 612 751 Si
640 698 788 753 recens
814 673 962 781 planta
980 666 1165 751 obtineri
1182 693 1270 749 non
1286 691 1364 774 po·

175 916 177 920 .
317 831 420 919 test,
443 821 599 902 siccam
616 846 721 928 para
741 820 871 936 modo
892 819 1255 928 antipsoricorum.

375 971 507 1055 Dosis
525 967 723 1052 z-Glob.
763 970 823 1079 iij.
856 970 926 1053 vel
962 969 1016 1052 iv.
1049 966 1270 1050 tricesima
1299 975 1365 1046 at·

320 1121 589 1204 tenuationis.

374 1269 707 1353 Duratio-Per
725 1270 1006 1379 quadraginta
1023 1280 1066 1353 et
1085 1268 1228 1377 plures
1247 1265 1351 1351 dies.

374 1410 831 1529 Antid.-Camphora,
848 1421 1022 1521 Vinum,
1042 1419 1190 1502 Coffea
1208 1430 1251 1500 et
1269 1415 1370 1500 Pul·

323 1569 473 1651 satilla.
802 1585 805 1592 ’

535 1733 703 1799 AGNUS
726 1733 911 1800 CASTUS
935 1731 1089 1798 VITEX
1111 1733 1153 1798 L.

610 1861 725 1922 Novem
740 1859 953 1920 attenuationea
967 1842 1077 1937 (111).

378 1979 700 2062 AmenseJulio
713 1980 768 2061 ad
778 1979 981 2087 Septemb
994 2015 1003 2062 ι
1016 1980 1276 2089 colligendus
1288 1992 1366 2062 est.
1397 2073 1400 2078 Δ

379 2131 563 2218 Suaeum
599 2156 624 2212 e
653 2130 766 2212 foliis
799 2141 842 2212 et
880 2129 1055 2215 floribus
1084 2130 1289 2239 exprime,
1328 2141 1371 2210 et

323 2265 418 2364 cum
436 2282 529 2390 pari
547 2279 724 2391 Spiritus
742 2280 844 2361 Vini
864 2283 1100 2388 quantitate
1121 2281 1370 2375 commisce;

322 2431 529 2540 liquorem
575 2429 794 2538 limpidum
840 2429 954 2511 horis
1002 2431 1152 2538 viginti
1192 2429 1373 2541 quatuor

322 2579 603 2689 praeterlapsis
633 2579 835 2681 defunde,
869 2590 912 2663 et
950 2582 1006 2664 ad
1038 2580 1371 2666 attenuationem

323 2757 481 2815 nonam
499 2730 623 2814 dilue.

379 2880 464 2963 Vel
489 2891 682 2964 recentes
708 2879 864 2962 baccas
896 2879 1083 2988 exprime
1103 2891 1145 2964 et
1166 2907 1263 2966 cum
1281 2881 1373 2992 pari

324 3030 503 3140 Spiritus
515 3030 615 3112 Vini
628 3030 865 3139 quantitate
878 3028 1117 3111 commisce.
1175 3027 1219 3111 Si
1228 3029 1374 3113 baccae

324 3193 516 3266 recentes
547 3181 729 3266 obtineri
762 3207 849 3261 non
879 3192 1072 3288 possunt,
1108 3180 1241 3262 siccas
1268 3208 1374 3289 para

324 3333 453 3416 modo
470 3330 831 3440 antipsoricorum.
876 3327 1047 3438 (Stapf.)

380 3480 511 3564 Dosis
525 3478 723 3561 :-G10b.
745 3477 789 3587 ij.
812 3480 957 3588 primae
982 3479 1297 3582 attenuationis,
1319 3481 1374 3563 ad

325 3631 493 3713 tertiam
518 3631 562 3711 in
584 3625 743 3737 morbis
774 3628 998 3730 chronicis,
1031 3629 1075 3710 in
1106 3629 1241 3712 acutis
1273 3654 1373 3713 vero

326 3805 462 3860 nonae.
788 3886 799 3904 ⁹

599 3910 789 3977 ALLIUM
814 3908 1035 3975 SATIVUM
1060 3910 1100 3975 L.

614 4036 683 4096 Una
695 4051 808 4096 rantum
821 4035 983 4096 attenuatio
996 4036 1009 4114 (
1025 4041 1038 4094 1
1058 4039 1082 4111 ).

377 4157 418 4240 A
435 4127 583 4240 mense
602 4155 732 4241 Junio
753 4156 807 4242 ad
824 4155 1065 4262 Augustum
1085 4165 1150 4238 est
1171 4154 1372 4262 colligen-
