3084 5040
546 389 906 450 nouoeorsrfflor.
1194 375 1247 458 27

200 556 476 641 obstinationi
506 560 652 668 aegroti
681 561 864 669 pulveris
898 559 984 643 albi
1002 561 1246 670 frequenta·

200 708 359 791 tionem
394 711 643 820 respuentis,
678 711 864 821 potuerit
883 713 993 794 forte
1025 738 1121 795 oum
1152 735 1245 794 saa·

200 857 328 940 charo
348 860 471 942 lactis
498 861 760 942 commisceri
788 862 927 970 pulvis
946 862 999 942 de
1019 861 1248 945 seminibus

200 1007 526 1092 Theobromatis
549 1011 690 1096 Caoao
718 1015 788 1095 vel
816 1012 989 1096 Radicis
1015 1014 1250 1123 Liquiritioe

200 1185 377 1268 granum
411 1187 557 1261 unum,
591 1189 676 1271 quo
704 1162 829 1246 salvis
856 1162 1076 1245 medicinae
1095 1163 1252 1246 viribus

201 1306 291 1417 ejus
311 1310 428 1393 color
445 1323 643 1394 mutetur.

256 1461 286 1541 J
288 1488 356 1543 am
393 1487 494 1543 vero
533 1463 576 1543 in
617 1463 897 1546 remediorum
936 1463 1249 1570 dispensatione

199 1613 365 1693 summa
397 1636 562 1720 semper
593 1639 700 1722 opus
739 1624 804 1695 est
844 1613 1080 1697 attentione
1118 1627 1248 1725 atque

201 1763 316 1862 cura,
338 1789 394 1845 ne
412 1765 483 1846 vel
500 1765 669 1871 guttula
688 1789 873 1872 granove
901 1765 999 1872 plus
1019 1777 1092 1846 aut
1111 1741 1249 1846 minus

201 1913 324 1997 detur
343 1915 526 2022 aegrotiS,
561 1940 688 2021 quam
723 1925 929 2022 quantum
957 1915 1249 2023 praescriptum
1296 1987 1298 1992 ,

201 2076 282 2166 est,
313 2077 430 2147 etue
450 2066 647 2174 lagenula
667 2066 757 2148 sine
776 2065 1031 2148 necessitate
1053 2065 1246 2172 agitetur.

199 2216 342 2323 Magis
361 2215 491 2297 etiam
508 2216 728 2299 vitandum
741 2226 821 2314 est,
843 2241 897 2297 ne
916 2215 1087 2298 inferior
1107 2226 1246 2298 atten-

200 2367 332 2466 uatio,
374 2393 502 2473 quam
541 2393 635 2475 quae
672 2364 858 2447 indicata
896 2376 977 2466 est,
1023 2365 1247 2473 deligatur,
1286 2477 1291 2490 ι

202 2514 402 2626 quoniam
427 2517 544 2597 nulla
574 2526 654 2617 est,
692 2515 795 2624 quin
827 2529 870 2599 et
899 2516 1058 2602 viribus
1079 2528 1122 2600 et
1142 2529 1248 2600 tem-

199 2667 313 2776 poris
333 2666 489 2775 spatio,
528 2692 613 2774 quo
647 2666 723 2748 has
757 2667 982 2775 expromit,
1018 2695 1045 2749 a
1076 2668 1249 2776 reliquis

201 2817 382 2917 differat,
420 2817 534 2899 unde
566 2829 760 2927 apparet,
792 2845 947 2926 magna
966 2845 1021 2902 ex
1041 2817 1251 2927 ejusmodi

202 2995 340 3053 errore
358 2969 629 3051 incommoda
647 2968 745 3050 oriri
774 2995 914 3076 posse.
976 2969 1085 3051 Cum
1105 2980 1251 3052 nostra

200 3119 425 3232 plurimum
443 3121 615 3220 referat,
637 3130 685 3200 ut
703 3121 773 3201 vel
790 3118 1032 3200 ultimarum
1056 3130 1250 3202 attenua-

199 3274 364 3356 tionum
383 3270 499 3353 dosis
516 3271 561 3351 in
579 3267 737 3352 morbis
757 3268 891 3350 acutis
904 3280 1029 3350 'certa
1049 3268 1103 3350 sit
1121 3279 1250 3377 atque

201 3421 449 3521 constituta,
472 3429 642 3529 oportet
660 3418 704 3499 in
724 3417 1005 3501 remediorum
1034 3419 1250 3528 dispensa-

201 3570 318 3652 tione
358 3579 402 3650 et
439 3567 757 3677 praescriptione
794 3567 985 3650 formulae
1026 3567 1137 3650 bene
1176 3593 1252 3650 ex-

199 3747 357 3830 pressae
377 3717 674 3817 adhibeantur,
697 3743 802 3825 quas
819 3730 1015 3810 accurate
1036 3719 1158 3828 sequi
1178 3719 1249 3800 de-

200 3869 275 3953 bet
293 3868 636 3979 pharmacopola.
696 3866 835 3949 Celeri
855 3868 1137 3951 remediorum
1152 3895 1249 3950 cum

201 4021 403 4106 saccharo
437 4018 560 4101 laetis
595 4018 780 4100 mixtura
818 4045 925 4127 opus
964 4029 1045 4118 est,
1086 4043 1139 4100 ne
1178 4016 1251 4100 illa
