<?xml version="1.0" encoding="UTF-8"?>
<!DOCTYPE html PUBLIC "-//W3C//DTD XHTML 1.0 Transitional//EN"
    "http://www.w3.org/TR/xhtml1/DTD/xhtml1-transitional.dtd">
<html xmlns="http://www.w3.org/1999/xhtml" xml:lang="en" lang="en">
 <head>
  <title>
</title>
<meta http-equiv="Content-Type" content="text/html;charset=utf-8" />
  <meta name='ocr-system' content='tesseract 3.04.00' />
  <meta name='ocr-capabilities' content='ocr_page ocr_carea ocr_par ocr_line ocrx_word'/>
</head>
<body>
  <div class='ocr_page' id='page_1' title='image "./pharmacopoeiaho00quingoog_0036.png"; bbox 0 0 3084 5040; ppageno 0'>
   <div class='ocr_carea' id='block_1_1' title="bbox 207 1104 1251 1203">
    <p class='ocr_par' dir='ltr' id='par_1_1' title="bbox 207 1104 1251 1203">
     <span class='ocr_line' id='line_1_1' title="bbox 207 1104 1251 1203; baseline 0.011 -15"><span class='ocrx_word' id='word_1_1' title='bbox 207 1104 705 1203; x_wconf 84' lang='lat' dir='ltr'>PHARMACOPOEIA</span> <span class='ocrx_word' id='word_1_2' title='bbox 731 1113 1251 1202; x_wconf 87' lang='lat' dir='ltr'><strong>HOMOEOPATHICA.</strong></span> 
     </span>
    </p>
   </div>
   <div class='ocr_carea' id='block_1_2' title="bbox 77 1918 1251 2510">
    <p class='ocr_par' dir='ltr' id='par_1_2' title="bbox 77 1918 1251 2510">
     <span class='ocr_line' id='line_1_2' title="bbox 77 1918 1247 2042; baseline 0.011 -42"><span class='ocrx_word' id='word_1_3' title='bbox 77 2039 79 2042; x_wconf 16' lang='grc' dir='ltr'>Ι</span> <span class='ocrx_word' id='word_1_4' title='bbox 205 1918 260 2002; x_wconf 84' lang='grc' dir='ltr'><strong>ΙΝ</strong></span> <span class='ocrx_word' id='word_1_5' title='bbox 289 1920 540 2006; x_wconf 88' lang='lat' dir='ltr'><strong>Pharmaoia</strong></span> <span class='ocrx_word' id='word_1_6' title='bbox 573 1924 931 2034; x_wconf 87' lang='lat' dir='ltr'><strong>Homoeopathioa</strong></span> <span class='ocrx_word' id='word_1_7' title='bbox 963 1953 1127 2012; x_wconf 81' lang='lat' dir='ltr'><strong>summo</strong></span> <span class='ocrx_word' id='word_1_8' title='bbox 1157 1940 1247 2012; x_wconf 78' lang='lat' dir='ltr'><strong>atu·</strong></span> 
     </span>
     <span class='ocr_line' id='line_1_3' title="bbox 205 2073 1250 2177; baseline 0.008 -21"><span class='ocrx_word' id='word_1_9' title='bbox 205 2073 276 2156; x_wconf 89' lang='lat' dir='ltr'><strong>dio</strong></span> <span class='ocrx_word' id='word_1_10' title='bbox 296 2075 430 2158; x_wconf 86' lang='lat' dir='ltr'><strong>adniti</strong></span> <span class='ocrx_word' id='word_1_11' title='bbox 448 2101 621 2160; x_wconf 83' lang='lat' dir='ltr'>neeesse</span> <span class='ocrx_word' id='word_1_12' title='bbox 648 2087 729 2177; x_wconf 83' lang='lat' dir='ltr'><strong>est,</strong></span> <span class='ocrx_word' id='word_1_13' title='bbox 752 2088 800 2159; x_wconf 94' lang='lat' dir='ltr'><strong>ut</strong></span> <span class='ocrx_word' id='word_1_14' title='bbox 827 2076 1139 2162; x_wconf 85' lang='lat' dir='ltr'><strong>medicamenta</strong></span> <span class='ocrx_word' id='word_1_15' title='bbox 1167 2081 1250 2164; x_wconf 84' lang='lat' dir='ltr'><strong>sin-</strong></span> 
     </span>
     <span class='ocr_line' id='line_1_4' title="bbox 205 2228 1251 2340; baseline 0.006 -30"><span class='ocrx_word' id='word_1_16' title='bbox 205 2255 317 2330; x_wconf 83' lang='lat' dir='ltr'><strong>cera,</strong></span> <span class='ocrx_word' id='word_1_17' title='bbox 337 2255 457 2338; x_wconf 88' lang='lat' dir='ltr'><strong>pura,</strong></span> <span class='ocrx_word' id='word_1_18' title='bbox 481 2241 524 2312; x_wconf 89' lang='lat' dir='ltr'><strong>et</strong></span> <span class='ocrx_word' id='word_1_19' title='bbox 552 2256 680 2338; x_wconf 87' lang='lat' dir='ltr'><strong>quam</strong></span> <span class='ocrx_word' id='word_1_20' title='bbox 702 2228 885 2315; x_wconf 84' lang='lat' dir='ltr'><strong>maxime</strong></span> <span class='ocrx_word' id='word_1_21' title='bbox 907 2229 1114 2340; x_wconf 75' lang='lat' dir='ltr'><strong>simplicia</strong></span> <span class='ocrx_word' id='word_1_22' title='bbox 1139 2231 1251 2320; x_wconf 85' lang='lat' dir='ltr'><strong>obti-</strong></span> 
     </span>
     <span class='ocr_line' id='line_1_5' title="bbox 204 2382 1248 2510; baseline 0.003 -47"><span class='ocrx_word' id='word_1_23' title='bbox 204 2393 399 2481; x_wconf 88' lang='lat' dir='ltr'><strong>neantur,</strong></span> <span class='ocrx_word' id='word_1_24' title='bbox 425 2408 480 2465; x_wconf 87' lang='lat' dir='ltr'><strong>ne</strong></span> <span class='ocrx_word' id='word_1_25' title='bbox 503 2409 649 2510; x_wconf 78' lang='lat' dir='ltr'><strong>eorum</strong></span> <span class='ocrx_word' id='word_1_26' title='bbox 674 2382 851 2466; x_wconf 87' lang='lat' dir='ltr'><strong>virtutes</strong></span> <span class='ocrx_word' id='word_1_27' title='bbox 878 2390 952 2464; x_wconf 90' lang='lat' dir='ltr'><strong>aut</strong></span> <span class='ocrx_word' id='word_1_28' title='bbox 980 2384 1248 2468; x_wconf 87' lang='lat' dir='ltr'><strong>commutati·</strong></span> 
     </span>
    </p>
   </div>
   <div class='ocr_carea' id='block_1_3' title="bbox 203 2533 1252 3097">
    <p class='ocr_par' dir='ltr' id='par_1_3' title="bbox 203 2533 1252 3097">
     <span class='ocr_line' id='line_1_6' title="bbox 205 2533 1251 2644; baseline 0.005 -29"><span class='ocrx_word' id='word_1_29' title='bbox 205 2560 330 2617; x_wconf 86' lang='lat' dir='ltr'><strong>onem</strong></span> <span class='ocrx_word' id='word_1_30' title='bbox 362 2533 592 2644; x_wconf 77' lang='lat' dir='ltr'>suscipiant</span> <span class='ocrx_word' id='word_1_31' title='bbox 623 2545 696 2618; x_wconf 92' lang='lat' dir='ltr'><strong>aut</strong></span> <span class='ocrx_word' id='word_1_32' title='bbox 730 2534 818 2618; x_wconf 94' lang='lat' dir='ltr'><strong>ullo</strong></span> <span class='ocrx_word' id='word_1_33' title='bbox 846 2534 892 2620; x_wconf 92' lang='lat' dir='ltr'><strong>in</strong></span> <span class='ocrx_word' id='word_1_34' title='bbox 919 2534 1050 2618; x_wconf 91' lang='lat' dir='ltr'><strong>modo</strong></span> <span class='ocrx_word' id='word_1_35' title='bbox 1080 2535 1251 2620; x_wconf 75' lang='lat' dir='ltr'><strong>incerta</strong></span> 
     </span>
     <span class='ocr_line' id='line_1_7' title="bbox 204 2686 1251 2797; baseline 0.007 -29"><span class='ocrx_word' id='word_1_36' title='bbox 204 2688 321 2768; x_wconf 87' lang='lat' dir='ltr'><strong>fiant.</strong></span> <span class='ocrx_word' id='word_1_37' title='bbox 382 2686 541 2771; x_wconf 88' lang='lat' dir='ltr'><strong>Cavere</strong></span> <span class='ocrx_word' id='word_1_38' title='bbox 579 2695 750 2797; x_wconf 79' lang='lat' dir='ltr'>oportet</span> <span class='ocrx_word' id='word_1_39' title='bbox 783 2712 837 2769; x_wconf 90' lang='lat' dir='ltr'><strong>ne</strong></span> <span class='ocrx_word' id='word_1_40' title='bbox 867 2686 1103 2787; x_wconf 78' lang='lat' dir='ltr'><strong>medicinae,</strong></span> <span class='ocrx_word' id='word_1_41' title='bbox 1145 2713 1251 2796; x_wconf 78' lang='lat' dir='ltr'><strong>quaa</strong></span> 
     </span>
     <span class='ocr_line' id='line_1_8' title="bbox 203 2836 1250 2948; baseline 0 -26"><span class='ocrx_word' id='word_1_42' title='bbox 203 2838 471 2945; x_wconf 79' lang='lat' dir='ltr'><strong>Adjuvuutiu</strong></span> <span class='ocrx_word' id='word_1_43' title='bbox 493 2849 566 2922; x_wconf 88' lang='lat' dir='ltr'><strong>aut</strong></span> <span class='ocrx_word' id='word_1_44' title='bbox 583 2837 849 2947; x_wconf 79' lang='lat' dir='ltr'><strong>Corrigeutiu</strong></span> <span class='ocrx_word' id='word_1_45' title='bbox 863 2836 1018 2921; x_wconf 86' lang='lat' dir='ltr'><strong>medici</strong></span> <span class='ocrx_word' id='word_1_46' title='bbox 1028 2837 1157 2948; x_wconf 87' lang='lat' dir='ltr'><strong>vulgo</strong></span> <span class='ocrx_word' id='word_1_47' title='bbox 1175 2866 1250 2924; x_wconf 91' lang='lat' dir='ltr'><strong>vo·</strong></span> 
     </span>
     <span class='ocr_line' id='line_1_9' title="bbox 203 2955 1252 3097; baseline 0.006 -25"><span class='ocrx_word' id='word_1_48' title='bbox 203 3000 317 3092; x_wconf 84' lang='lat' dir='ltr'><strong>eant,</strong></span> <span class='ocrx_word' id='word_1_49' title='bbox 341 2955 513 3072; x_wconf 88' lang='lat' dir='ltr'><strong>minima</strong></span> <span class='ocrx_word' id='word_1_50' title='bbox 531 3016 583 3072; x_wconf 88' lang='lat' dir='ltr'><strong>ex</strong></span> <span class='ocrx_word' id='word_1_51' title='bbox 601 3001 723 3097; x_wconf 83' lang='lat' dir='ltr'><strong>parte</strong></span> <span class='ocrx_word' id='word_1_52' title='bbox 749 2988 1071 3074; x_wconf 82' lang='lat' dir='ltr'><strong>admisceamur.</strong></span> <span class='ocrx_word' id='word_1_53' title='bbox 1132 2991 1252 3078; x_wconf 93' lang='lat' dir='ltr'><strong>Nihil</strong></span> 
     </span>
    </p>
   </div>
   <div class='ocr_carea' id='block_1_4' title="bbox 203 3138 1378 3258">
    <p class='ocr_par' dir='ltr' id='par_1_4' title="bbox 203 3138 1378 3258">
     <span class='ocr_line' id='line_1_10' title="bbox 203 3138 1378 3258; baseline 0.004 -34"><span class='ocrx_word' id='word_1_54' title='bbox 203 3153 317 3226; x_wconf 84' lang='lat' dir='ltr'><strong>certe</strong></span> <span class='ocrx_word' id='word_1_55' title='bbox 337 3139 511 3251; x_wconf 81' lang='lat' dir='ltr'><strong>adjungi</strong></span> <span class='ocrx_word' id='word_1_56' title='bbox 531 3138 661 3224; x_wconf 88' lang='lat' dir='ltr'><strong>debet</strong></span> <span class='ocrx_word' id='word_1_57' title='bbox 680 3139 759 3222; x_wconf 87' lang='lat' dir='ltr'><strong>nisi</strong></span> <span class='ocrx_word' id='word_1_58' title='bbox 787 3139 1004 3242; x_wconf 76' lang='lat' dir='ltr'><strong>Vehiculu,</strong></span> <span class='ocrx_word' id='word_1_59' title='bbox 1027 3152 1075 3224; x_wconf 88' lang='lat' dir='ltr'><strong>ut</strong></span> <span class='ocrx_word' id='word_1_60' title='bbox 1098 3142 1159 3224; x_wconf 89' lang='lat' dir='ltr'><strong>ita</strong></span> <span class='ocrx_word' id='word_1_61' title='bbox 1179 3144 1247 3235; x_wconf 67' lang='lat' dir='ltr'><strong>lo,-</strong></span> <span class='ocrx_word' id='word_1_62' title='bbox 1375 3253 1378 3258; x_wconf 22' lang='grc' dir='ltr'>Ι</span> 
     </span>
    </p>
   </div>
   <div class='ocr_carea' id='block_1_5' title="bbox 201 3291 1249 4616">
    <p class='ocr_par' dir='ltr' id='par_1_5' title="bbox 201 3291 1249 4616">
     <span class='ocr_line' id='line_1_11' title="bbox 202 3291 1246 3406; baseline 0.003 -29"><span class='ocrx_word' id='word_1_63' title='bbox 202 3323 321 3405; x_wconf 85' lang='lat' dir='ltr'><strong>quar,</strong></span> <span class='ocrx_word' id='word_1_64' title='bbox 343 3320 430 3378; x_wconf 91' lang='lat' dir='ltr'><strong>non</strong></span> <span class='ocrx_word' id='word_1_65' title='bbox 441 3292 619 3376; x_wconf 82' lang='lat' dir='ltr'><strong>medica.</strong></span> <span class='ocrx_word' id='word_1_66' title='bbox 680 3291 937 3376; x_wconf 88' lang='lat' dir='ltr'><strong>Saeeharum</strong></span> <span class='ocrx_word' id='word_1_67' title='bbox 954 3292 1076 3378; x_wconf 85' lang='lat' dir='ltr'><strong>lactis</strong></span> <span class='ocrx_word' id='word_1_68' title='bbox 1096 3307 1139 3382; x_wconf 82' lang='lat' dir='ltr'><strong>et</strong></span> <span class='ocrx_word' id='word_1_69' title='bbox 1160 3297 1246 3406; x_wconf 84' lang='lat' dir='ltr'><strong>spi·</strong></span> 
     </span>
     <span class='ocr_line' id='line_1_12' title="bbox 202 3442 1245 3556; baseline 0.001 -27"><span class='ocrx_word' id='word_1_70' title='bbox 202 3447 305 3529; x_wconf 87' lang='lat' dir='ltr'><strong>ritus</strong></span> <span class='ocrx_word' id='word_1_71' title='bbox 327 3445 414 3529; x_wconf 90' lang='lat' dir='ltr'><strong>viui</strong></span> <span class='ocrx_word' id='word_1_72' title='bbox 437 3456 534 3530; x_wconf 82' lang='lat' dir='ltr'><strong>sunt</strong></span> <span class='ocrx_word' id='word_1_73' title='bbox 556 3442 718 3556; x_wconf 88' lang='lat' dir='ltr'><strong>optima</strong></span> <span class='ocrx_word' id='word_1_74' title='bbox 729 3445 1015 3554; x_wconf 73' lang='lat' dir='ltr'><strong>Excipieutiu,</strong></span> <span class='ocrx_word' id='word_1_75' title='bbox 1038 3447 1139 3556; x_wconf 86' lang='lat' dir='ltr'><strong>quia</strong></span> <span class='ocrx_word' id='word_1_76' title='bbox 1154 3475 1245 3538; x_wconf 77' lang='lat' dir='ltr'><strong>me÷</strong></span> 
     </span>
     <span class='ocr_line' id='line_1_13' title="bbox 201 3596 1245 3707; baseline 0.003 -22"><span class='ocrx_word' id='word_1_77' title='bbox 201 3598 306 3685; x_wconf 86' lang='lat' dir='ltr'><strong>diois</strong></span> <span class='ocrx_word' id='word_1_78' title='bbox 318 3599 475 3684; x_wconf 78' lang='lat' dir='ltr'><strong>viribus</strong></span> <span class='ocrx_word' id='word_1_79' title='bbox 494 3609 656 3700; x_wconf 84' lang='lat' dir='ltr'><strong>carent,</strong></span> <span class='ocrx_word' id='word_1_80' title='bbox 678 3609 725 3681; x_wconf 87' lang='lat' dir='ltr'><strong>ut</strong></span> <span class='ocrx_word' id='word_1_81' title='bbox 739 3596 961 3707; x_wconf 78' lang='lat' dir='ltr'><strong>multiplex</strong></span> <span class='ocrx_word' id='word_1_82' title='bbox 975 3596 1119 3684; x_wconf 85' lang='lat' dir='ltr'><strong>docuit</strong></span> <span class='ocrx_word' id='word_1_83' title='bbox 1130 3629 1245 3688; x_wconf 82' lang='lat' dir='ltr'><strong>usus.</strong></span> 
     </span>
     <span class='ocr_line' id='line_1_14' title="bbox 260 3750 1246 3863; baseline 0.007 -27"><span class='ocrx_word' id='word_1_84' title='bbox 260 3753 450 3862; x_wconf 87' lang='lat' dir='ltr'><strong>Corpora</strong></span> <span class='ocrx_word' id='word_1_85' title='bbox 467 3750 633 3835; x_wconf 81' lang='lat' dir='ltr'><strong>medica</strong></span> <span class='ocrx_word' id='word_1_86' title='bbox 654 3762 727 3834; x_wconf 91' lang='lat' dir='ltr'><strong>aut</strong></span> <span class='ocrx_word' id='word_1_87' title='bbox 746 3750 922 3834; x_wconf 86' lang='lat' dir='ltr'><strong>terendo</strong></span> <span class='ocrx_word' id='word_1_88' title='bbox 947 3764 1020 3837; x_wconf 88' lang='lat' dir='ltr'><strong>aut</strong></span> <span class='ocrx_word' id='word_1_89' title='bbox 1045 3755 1246 3863; x_wconf 82' lang='lat' dir='ltr'><strong>agitando</strong></span> 
     </span>
     <span class='ocr_line' id='line_1_15' title="bbox 202 3901 1245 3994; baseline 0.006 -4"><span class='ocrx_word' id='word_1_90' title='bbox 202 3933 297 3990; x_wconf 90' lang='lat' dir='ltr'><strong>cum</strong></span> <span class='ocrx_word' id='word_1_91' title='bbox 316 3930 403 3987; x_wconf 91' lang='lat' dir='ltr'><strong>uuo</strong></span> <span class='ocrx_word' id='word_1_92' title='bbox 423 3914 496 3984; x_wconf 88' lang='lat' dir='ltr'><strong>aut</strong></span> <span class='ocrx_word' id='word_1_93' title='bbox 516 3902 650 3986; x_wconf 84' lang='lat' dir='ltr'><strong>altero</strong></span> <span class='ocrx_word' id='word_1_94' title='bbox 668 3901 820 3988; x_wconf 89' lang='lat' dir='ltr'><strong>horum</strong></span> <span class='ocrx_word' id='word_1_95' title='bbox 838 3902 1125 3994; x_wconf 86' lang='lat' dir='ltr'><strong>vehiculorum</strong></span> <span class='ocrx_word' id='word_1_96' title='bbox 1143 3907 1245 3994; x_wconf 77' lang='lat' dir='ltr'><strong>mis·</strong></span> 
     </span>
     <span class='ocr_line' id='line_1_16' title="bbox 202 4054 1243 4174; baseline 0.005 -33"><span class='ocrx_word' id='word_1_97' title='bbox 202 4083 297 4142; x_wconf 85' lang='lat' dir='ltr'><strong>cere</strong></span> <span class='ocrx_word' id='word_1_98' title='bbox 318 4067 504 4166; x_wconf 86' lang='lat' dir='ltr'><strong>oportet,</strong></span> <span class='ocrx_word' id='word_1_99' title='bbox 524 4055 626 4138; x_wconf 91' lang='lat' dir='ltr'><strong>dum</strong></span> <span class='ocrx_word' id='word_1_100' title='bbox 645 4054 859 4174; x_wconf 84' lang='lat' dir='ltr'><strong>quantitas</strong></span> <span class='ocrx_word' id='word_1_101' title='bbox 888 4055 1078 4142; x_wconf 85' lang='lat' dir='ltr'><strong>sacchari</strong></span> <span class='ocrx_word' id='word_1_102' title='bbox 1105 4059 1243 4162; x_wconf 84' lang='lat' dir='ltr'><strong>lactis,</strong></span> 
     </span>
     <span class='ocr_line' id='line_1_17' title="bbox 201 4207 1249 4320; baseline 0.003 -27"><span class='ocrx_word' id='word_1_103' title='bbox 201 4222 275 4294; x_wconf 85' lang='lat' dir='ltr'><strong>aut</strong></span> <span class='ocrx_word' id='word_1_104' title='bbox 307 4209 477 4320; x_wconf 76' lang='lat' dir='ltr'><strong>spirituo</strong></span> <span class='ocrx_word' id='word_1_105' title='bbox 509 4207 613 4310; x_wconf 85' lang='lat' dir='ltr'><strong>viui,</strong></span> <span class='ocrx_word' id='word_1_106' title='bbox 634 4207 869 4320; x_wconf 73' lang='lat' dir='ltr'><strong>seeundum</strong></span> <span class='ocrx_word' id='word_1_107' title='bbox 896 4209 1064 4316; x_wconf 69' lang='lat' dir='ltr'><strong>regulam</strong></span> <span class='ocrx_word' id='word_1_108' title='bbox 1094 4221 1249 4319; x_wconf 80' lang='lat' dir='ltr'><strong>postea</strong></span> 
     </span>
     <span class='ocr_line' id='line_1_18' title="bbox 767 4387 793 4438; baseline 0 0"><span class='ocrx_word' id='word_1_109' title='bbox 767 4387 793 4438; x_wconf 93' lang='grc' dir='ltr'><strong>Β</strong></span> 
     </span>
     <span class='ocr_line' id='line_1_19' title="bbox 432 4537 443 4616; baseline 0 -23"><span class='ocrx_word' id='word_1_110' title='bbox 432 4537 443 4616; x_wconf 62' lang='lat' dir='ltr'><em>J</em></span> 
     </span>
    </p>
   </div>
   <div class='ocr_carea' id='block_1_6' title="bbox 0 0 1546 5040">
    <p class='ocr_par' dir='ltr' id='par_1_6' title="bbox 0 0 1546 5040">
     <span class='ocr_line' id='line_1_20' title="bbox 0 0 1546 5040; baseline 0 2"><span class='ocrx_word' id='word_1_111' title='bbox 0 0 1546 5040; x_wconf 95' lang='lat' dir='ltr'><strong> </strong></span> 
     </span>
    </p>
   </div>
  </div>
 </body>
</html>
