3084 5040
546 407 904 462 uouoeora-rnrcr.
1198 381 1254 466 29

205 571 329 654 unius
344 574 563 657 accedunt.
612 541 815 664 Tirietura
829 573 1039 657 medicata
1053 569 1252 680 guttatim

204 736 348 805 manet
369 752 495 833 super
508 755 729 808 numerum
748 728 899 808 horum
924 725 1191 834 globulorum
1209 722 1254 802 in

206 871 404 980 lagenula
424 876 561 958 donee
582 905 727 958 omnes
747 877 1058 958 medicamento
1079 873 1256 955 saturati

207 1023 304 1104 sint.
331 991 591 1109 'Globuuita
604 1005 815 1108 mediata
825 1024 972 1107 infecti
990 1051 1067 1132 per
1080 1024 1253 1130 longum

207 1175 436 1258 admodum
459 1189 643 1287 tempuS,
666 1179 752 1261 imo
771 1203 849 1285 per
870 1203 1025 1257 annum
1044 1174 1255 1280 integrum

205 1338 248 1407 et
278 1329 402 1429 ultra,
429 1329 542 1409 'nihil
576 1330 629 1412 de
662 1330 819 1413 viribus
852 1325 1026 1408 medicis
1053 1323 1250 1433 perdunt.

205 1478 408 1560 Admixto
427 1507 529 1562 vero
548 1481 629 1561 illis
664 1482 867 1562 saccharo
893 1478 1029 1574 laetis,
1060 1473 1271 1598 praecipi--

209 1628 366 1710 endum
385 1642 465 1729 est,
496 1641 544 1711 ut
571 1642 689 1711 totus
713 1628 851 1738 pulvis
870 1629 1002 1710 semel
1015 1597 1064 1708 'et
1084 1625 1255 1735 quidem

208 1778 345 1860 siccus
366 1780 436 1862 vel
454 1781 667 1863 interdum
688 1808 808 1888 aquae
839 1781 970 1889 guttis
993 1779 1155 1886 aliquot
1174 1776 1255 1857 h'u-

201 1942 411 2013 meetatus
432 1932 704 2040 deglutiatur,
738 1935 824 2040 quil
855 1932 899 2011 in
930 1958 974 2013 re
1004 1930 1176 2037 insuper
1195 1927 1251 2009 vi-

206 2081 389 2163 dendum
410 2094 489 2183 est,
507 2109 561 2163 ne
579 2081 738 2191 aliquid
752 2083 850 2164 inde
864 2082 1098 2163 delabatur.

249 2229 362 2310 Hae
381 2229 544 2311 ratione
560 2232 902 2339 pharmacopolae
920 2230 1095 2312 indicari
1113 2241 1256 2338 potest

206 2380 337 2480 dosis,
362 2392 565 2488 quantam
580 2382 769 2465 medicus
789 2383 833 2463 in
854 2381 995 2490 aliquo
1014 2381 1163 2462 morbo
1185 2406 1255 2461 ne·

209 2529 434 2612 cessariam
445 2557 537 2614 esse
549 2530 774 2641 judicavit,
790 2546 918 2641 atque
931 2533 1256 2632 medicamenta,

209 2680 271 2762 ita
290 2681 377 2763 fere
397 2684 677 2790 proponenda
698 2695 818 2766 sunt:

323 2906 373 3000 Bt.
434 2899 645 2983 Tincturae
664 2901 837 2982 Aconiti
854 2900 980 3001 VIII,
1003 2901 1171 3010 guttai.

517 3053 585 3135 vel
604 3051 766 3160 globuli
785 3051 828 3161 ij.
852 3051 909 3162 iij.
931 3053 984 3135 iv.
1009 3055 1087 3133 &a

432 3203 620 3284 Pulveris
642 3202 840 3284 Sacehari
855 3203 1001 3284 Laetis
1022 3230 1084 3310 gr.
1105 3201 1159 3284 vi.
1189 3194 1193 3200 ’

1045 3351 1197 3435 Misce.

322 3465 416 3547 Fiat
435 3465 586 3574 pulvis.

684 3631 781 3726 Vel,

324 3789 375 3882 ll.
435 3781 574 3864 unct.
594 3781 869 3863 Belladonnae
884 3782 944 3883 X,
968 3781 1082 3890 glob.
1099 3781 1144 3890 ij.

563 3931 622 4041 iij.
645 3932 700 4012 iv.
723 3935 865 4012 x.&e.
982 3985 985 3992 ·

434 4083 552 4164 Pulv.
578 4082 776 4162 Saechari
795 4081 941 4163 Laetis
962 4109 1022 4188 gr.
1044 4080 1099 4162 vi.

1080 4231 1143 4312 M.

323 4346 389 4426 rt.
413 4344 527 4452 pulv.
601 4312 605 4324 '
