3058 5040
316 380 395 453 100
669 403 1017 459 Prinnnncoronn

316 566 466 674 phora,
504 569 677 680 Opium,
712 569 863 669 China,
894 570 1078 652 Acidum
1108 566 1250 665 Nitri3
1282 591 1359 656 ,ve-

317 720 477 802 neficiis
509 723 712 804 continuo
743 722 947 804 Mercurii
966 749 1047 803 usu
1075 719 1200 803 factis
1236 729 1365 826 atque

315 868 442 952 lentis
463 885 666 980 praeterea
685 873 764 954 Vis
782 872 993 953 Electrica
1012 868 1268 981 opponenda
1283 877 1362 950 est.

692 1049 989 1115 MEZEREUM.

551 1184 761 1294 (Daphne
781 1185 1028 1268 Mezereurn
1047 1183 1127 1292 L.)

592 1363 769 1429 Quindecim
783 1363 995 1422 attenuationes
1009 1344 1086 1438 (V).

370 1489 552 1573 Succum
570 1491 705 1599 primo
723 1517 822 1573 vere
842 1516 865 1570 e
885 1490 1042 1572 cortice
1060 1490 1232 1599 plautae,
1262 1491 1365 1572 dum

315 1642 440 1722 flores
470 1667 569 1721 suos
598 1637 748 1749 aperit,
780 1651 823 1720 et
855 1638 1026 1746 quidem
1045 1639 1261 1722 mensibus
1285 1640 1364 1722 Fe-

307 1789 498 1891 bruario,
520 1790 679 1872 Martio
700 1801 743 1872 et
758 1789 896 1899 Aprili
914 1816 1063 1871 recens
1078 1763 1269 1872 coilec'tae
1288 1818 1364 1874 ex-

312 1972 519 2054 pressum,
540 1956 692 2028 etcum
706 1943 798 2052 pari
813 1942 1050 2050 quantitate
1068 1942 1247 2051 Spiritus
1260 1943 1364 2026 Vini

314 2094 605 2194 commixtum,
620 2094 676 2175 ad
690 2092 938 2174 dilutionem
951 2092 1141 2201 quintam
1154 2095 1364 2178 decimam

311 2258 499 2330 attenua.

364 2395 708 2481 Dosis:-G10b.
730 2393 774 2504 ij
797 2395 973 2477 dccimae
990 2397 1148 2504 quintae
1168 2410 1361 2484 attenua·

309 2546 464 2645 tionis3
505 2547 652 2655 paucis
682 2558 825 2628 autern
852 2545 1011 2628 morbis
1041 2548 1215 2632 fortiore
1246 2561 1358 2634 atte-

307 2696 510 2778 nuatione
527 2695 733 2778 ntendum
752 2707 830 2777 est.

364 2845 713 2930 Duratioz-Sex
741 2847 810 2931 vel
845 2859 1010 2955 septem
1040 2845 1360 2933 hebdomadum

308 2997 460 3109 spatio.

363 3151 813 3260 Antid.-Camphora
831 3162 874 3233 et
888 3150 1134 3259 Oxydulum
1152 3150 1357 3234 Mercurii

306 3303 497 3411 Nigrum.

651 3459 1008 3527 MILLEFOLIUM.

525 3593 743 3704 (Achillea
761 3593 1034 3678 Millefolium
1051 3596 1132 3708 L.)

363 3758 546 3839 Succum
563 3751 706 3835 herbae
717 3751 885 3860 juvenis
899 3753 998 3836 inde
1019 3783 1045 3837 a
1062 3784 1208 3840 mense
1222 3757 1353 3843 Junio

306 3909 360 3992 ad
391 3904 641 4004 Octobrem,
688 3931 774 4012 quo
809 3915 999 4013 ternpore
1033 3904 1156 3989 floret
1186 3909 1349 4017 planta,

302 4084 547 4169 expressum
557 4053 649 4165 pari
664 4054 901 4164 quantitate
920 4054 1098 4165 Spiritus
1113 4057 1215 4141 Vini
1234 4087 1352 4143 corn-

300 4235 442 4293 misce.
