3058 5040
525 403 886 460 uonmornrnrcn.
1146 379 1226 464 129

175 561 361 649 induerit
394 569 579 654 colorem
621 583 749 682 atque
781 568 897 654 haud
929 567 1151 651 difficulter
1165 653 1168 660 ,
1182 565 1227 647 iu

175 713 397 819 pulverem
414 720 549 830 redigi
567 722 715 831 possit.

233 860 400 974 Viginti
428 895 561 977 grana
591 897 687 953 cum
707 869 1023 980 quadringentis
1044 868 1226 979 Spiritus

176 1013 283 1097 Vini
301 1016 433 1124 guttis
453 1017 584 1102 misce
615 1032 659 1103 et
685 1018 876 1128 quotidie
906 1020 1058 1128 saepius
1077 1019 1220 1127 agita:

176 1190 256 1273 per
284 1164 597 1253 hebdomadem
620 1195 796 1282 sepone,
828 1195 968 1276 neque
986 1168 1128 1278 ignem
1149 1166 1225 1251 ad-

176 1314 292 1400 hibe.

234 1465 401 1578 Viginti
418 1484 562 1580 guttas
589 1471 715 1581 hujus
747 1498 844 1554 cum
874 1470 1096 1579 octoginta
1130 1469 1225 1578 Spi-

176 1618 285 1704 ritus
303 1622 406 1703 Vini
423 1623 554 1732 guttis
581 1621 724 1706 misce.
784 1623 885 1704 Hoc
913 1620 1093 1732 primam
1124 1640 1226 1702 con·

178 1769 318 1854 stituit
350 1773 697 1857 attenuationem.
771 1763 941 1854 Deinde
972 1772 1028 1854 ad
1059 1770 1225 1878 trigesi-

178 1947 296 2003 mam
315 1922 564 2006 dilutionem
592 1923 757 2032 explica
786 1922 916 2005 modo
947 1921 1226 2032 antipsorico·

178 2097 287 2153 rum.
658 2077 660 2082 ’

236 2221 386 2308 Potest
407 2226 535 2307 etiam
564 2223 914 2334 antipsoricorum
946 2217 1227 2304 remediorum

178 2373 310 2457 modo
328 2375 479 2484 parari.

236 2525 371 2610 Dosis
390 2526 584 2612 :-Glob.
607 2527 651 2638 ij.
673 2529 865 2612 tertiaeet
885 2540 1015 2612 sextae
1034 2539 1230 2613 attenua-

180 2676 310 2761 tionis
328 2677 373 2760 in
392 2678 550 2762 morbis
571 2678 795 2781 chronicis,
824 2678 1049 2790 trigesimae
1066 2665 1229 2765 veroin

182 2828 331 2912 acutis.

239 2980 470 3062 Antidotus
485 2979 802 3089 :-Camph0ra.
828 3001 830 3008 ’

596 3163 818 3302 8οῙΗΒΒΑ;

467 3377 617 3490 (Scilla
637 3378 851 3461 Maritima
868 3376 948 3486 L.)

426 3565 637 3643 Duodeviginti
652 3566 863 3626 attenuationes
885 3547 985 3644 (Vl).

243 3725 425 3807 Centum
443 3745 575 3827 grana
605 3717 742 3799 Scillae
770 3715 999 3803 Maritimae
1024 3721 1229 3802 recentis-

185 3877 301 3958 simae
332 3873 378 3954 in
411 3867 628 3968 mortario,
665 3863 836 3950 centum
873 3881 1016 3975 guttas
1048 3868 1228 3978 Spiritus

183 4025 285 4108 Vini
301 4019 505 4131 perdatim
523 4017 812 4120 adfundendo,
844 4018 889 4100 in
907 4031 1080 4102 tenuem
1100 4031 1228 4126 atque

185 4173 435 4286 aequabilem
460 4171 623 4280 pultem
651 4169 824 4276 redige3
855 4169 966 4253 hanc
988 4169 1228 4278 quingentis

712 4349 740 4401 n
