3084 5040
545 405 900 461 noumornrnrcn.
1226 385 1254 469 9

206 583 404 681 possunt,
427 572 463 652 si
482 573 684 657 sacchore
713 575 836 657 lactis
865 575 978 683 aquit
1001 573 1142 655 soluto
1161 598 1251 653 am·

207 723 338 805 monii
356 722 664 831 aliquantulum
693 724 887 823 additur,
922 750 1007 831 quo
1036 723 1151 803 lacto
1181 749 1253 804 cu-

205 896 331 982 prum
360 875 541 956 coeruleo
571 875 715 958 colore
743 875 869 983 plane
899 885 1088 983 apparet.
1148 872 1252 956 Ute

208 1026 411 1108 saccharo
430 1026 550 1127 odor,
566 1051 694 1134 quem
709 1053 733 1108 e
748 1026 896 1111 vicinis
910 1025 1055 1108 herbis
1068 1025 1249 1133 accepit,

208 1187 472 1275 amoveatur,
495 1201 624 1284 supra
642 1176 832 1260 chartam
855 1175 997 1259 albam
1016 1175 1253 1285 dispersum

208 1325 467 1432 aliquamdiu
497 1328 597 1410 solis
625 1328 753 1410 radiis
787 1326 941 1437 subjici
971 1339 1131 1437 potest,
1166 1324 1251 1427 vel,

206 1476 245 1560 si
258 1477 358 1558 anni
368 1489 600 1586 tempestas
614 1477 829 1588 prohibet,
846 1476 890 1560 in
905 1479 1077 1560 fornace
1089 1476 1254 1560 medio-

207 1628 332 1710 criter
352 1628 520 1710 calente
542 1627 646 1736 poni
674 1628 820 1728 debet,
852 1628 1061 1737 simulque
1091 1628 1253 1709 tamdiu

207 1779 373 1886 agitari,
390 1779 531 1863 donec
550 1780 688 1862 omnis
706 1808 877 1889 prorsus
898 1779 1115 1864 evanuerit
1131 1780 1249 1861 odor.

206 1931 327 2012 Loco
346 1929 522 2014 humido
541 1932 900 2016 conservandum
920 1944 985 2014 est
1005 1931 1253 2014 saccharum

207 2081 307 2189 quia
322 2081 449 2164 facilc
470 2081 552 2165 situ
570 2083 865 2192 corrumpitur.

260 2234 380 2343 Dum
416 2233 730 2316 medicamenta
749 2234 794 2315 in
813 2235 1034 2344 pulverem
1052 2233 1249 2340 redigen·

206 2386 263 2468 do
284 2395 571 2483 attenuantur,
585 2383 893 2467 vabstinendum
913 2396 978 2468 est
999 2413 1025 2467 a
1042 2384 1251 2467 mortariis

206 2537 348 2645 lapide
376 2537 619 2646 serpentino
649 2536 869 2632 confectio,
898 2548 1048 2645 utpote
1068 2565 1164 2659 quae
1183 2536 1253 2621 vel

207 2689 321 2772 intus
350 2716 446 2771 raro
476 2687 596 2771 laevia
625 2691 750 2786 sunt3
800 2713 884 2796 quo
916 2690 981 2782 fit,
1012 2698 1059 2770 ut
1091 2689 1251 2796 aliquot

205 2840 424 2949 partioulae
453 2839 637 2951 pulveris
662 2838 841 2948 parandi
859 2837 930 2922 isti
949 2839 1167 2949 asperitati
1186 2839 1250 2922 in-

205 2991 394 3076 haereaut
428 3001 558 3100 atque
592 2990 813 3076 medicinae
849 2990 1139 3093 detrahantur,
1184 2993 1253 3074 vel

204 3145 266 3230 ita
304 3155 559 3244 atteruntur,
593 3153 641 3224 ut
673 3142 981 3250 aliquantulum
1024 3143 1252 3262 magnesiae

204 3297 366 3406 pulveri
379 3296 662 3380 admisceatur
672 3321 854 3402 eumque
862 3295 1073 3403 impmum
1085 3293 1249 3376 reddat.

204 3449 418 3556 Namque,
450 3458 496 3528 ut
520 3445 809 3528 recentissima
829 3445 973 3529 docuit
993 3445 1249 3546 observati0,

204 3595 923 3706 dubitariuequit,·quinMagnesia,
936 3597 1248 3706 Calx,Argilla,

206 3751 339 3835 verra
351 3749 525 3851 Silicea,
544 3762 587 3833 et
608 3777 703 3858 quae
722 3761 820 3832 sunt
841 3749 1019 3858 reliqua,
1038 3761 1138 3858 apte
1153 3749 1253 3833 trita

205 3903 315 3987 vires
341 3903 528 3986 medicas
562 3928 720 4011 easque
755 3901 1067 3984 efficacissimas
1106 3901 1253 4010 acqui·
1314 3987 1316 3992 ,

204 4065 316 4156 rant,
335 4081 465 4163 quare
486 4053 675 4136 admixta
688 4053 909 4138 medicinae
921 4053 1120 4163 parandae
1138 4052 1253 4134 haud

206 4203 330 4288 flocci
361 4206 554 4317 putanda
588 4217 703 4308 sunt,
735 4205 798 4290 uti
831 4208 1010 4291 fortasse
1041 4204 1254 4317 aliquibus
