3058 5040
302 354 356 446 96
649 382 1000 437 rnnnrrncoemm

357 547 539 629 Duratio
556 546 768 629 :—Parvae
789 549 915 631 doses
935 550 1047 629 ultra
1066 539 1347 653 quadraginta

302 694 391 775 dies
410 698 603 777 efficaces
622 723 717 777 esse
740 698 890 779 solent.

359 843 588 925 Antidotus
604 844 836 926 :-Coffea.

456 1087 803 1154 MENYANTHES
825 1085 1127 1156 TRIFOLIATA
1150 1086 1191 1151 L.

415 1353 416 1356 Ν
565 1241 809 1351 (Trifolium
831 1242 1088 1352 Fibrinum.)

634 1418 709 1476 Tres
724 1418 937 1478 attenuationcs
951 1400 1016 1496 (Ι)

360 1556 542 1637 Succum
562 1580 585 1634 c
604 1553 698 1634 tota
717 1551 880 1659 plantat,
913 1553 1015 1635 dum
1036 1553 1184 1634 florere
1204 1552 1350 1661 coepit,

306 1706 421 1816 quod
439 1705 486 1785 fit
505 1701 720 1784 mensibus
740 1701 860 1782 Maio
879 1713 922 1783 et
941 1701 1089 1808 Juni0,
1110 1726 1256 1782 recens
1276 1727 1353 1782 cx-

304 1883 497 1965 pressum
531 1881 626 1934 cum
656 1850 748 1959 pari
782 1849 962 1958 Spiritus
981 1850 1083 1931 Vini
1114 1850 1353 1956 quantitate

305 2004 532 2087 commisce
545 2013 596 2093 ‚et
617 2001 671 2082 ad
689 1999 857 2083 tertiam
878 1998 1212 2081 attenuationem
1224 1999 1352 2080 dilue.

359 2152 492 2234 Dosis
508 2149 705 2232 :—Glob.
724 2148 767 2256 ij.
788 2148 983 2231 tincturae
1005 2159 1287 2230 concentratae
1308 2149 1355 2230 in

303 2302 515 2412 plerisque
534 2300 719 2383 morbis:
753 2300 896 2382 alterae
914 2299 983 2382 vel
1001 2298 1136 2382 tertiae
1157 2310 1355 2381 attenua-

264 2430 267 2434 *
303 2450 430 2532 tionis
451 2449 688 2532 delicatulis
703 2448 944 2533 hominibus
961 2460 1089 2556 atque
1103 2448 1351 2530 infantibus.

595 2677 882 2745 MERCURIUS
904 2678 1060 2744 VIVUS.

404 2824 770 2933 (Hydrargyrum,
791 2828 1030 2934 Argentum
1049 2825 1247 2934 Vivum.)

636 2993 696 3052 Sex
709 2994 922 3074 attenuationes
936 2976 1024 3070 (Il).

361 3110 431 3195 Ad
466 3111 730 3220 purgandum
770 3109 1091 3220 Hydrargyrum
1127 3111 1351 3221 liquidum,

304 3261 551 3370 plerumque
585 3260 774 3342 Plumbo.
798 3273 842 3342 et
881 3259 1106 3342 Bismutho
1139 3259 1350 3360 vitiatum,

304 3410 347 3489 in
365 3409 514 3516 patera
531 3409 816 3515 porcellanea,
847 3407 987 3491 infusa
1015 3409 1224 3492 solutione
1253 3407 1351 3517 Hy-

305 3557 475 3665 dragyri
491 3555 658 3655 Nitrici,
690 3582 826 3663 coque
855 3583 931 3665 per
949 3558 1097 3639 horam
1114 3557 1323 3664 integram
1338 3591 1348 3655 3

305 3705 421 3810 quod
437 3704 539 3785 dum
553 3705 616 3804 fit,
631 3703 814 3811 liquidas
833 3717 988 3813 partes,
1006 3733 1099 3812 quae
1115 3705 1351 3804 avolarunt,

305 3853 507 3935 continuo
526 3853 714 3933 restitue.
775 3851 874 3934 Hoc
905 3854 1034 3936 modo
1066 3855 1206 3962 liquor
1231 3854 1354 3936 acidtt

305 4003 383 4083 sua
407 4013 529 4110 parte
558 4000 784 4082 Plumbum
818 4012 862 4082 et
891 4002 1162 4085 Bismuthum
1185 4001 1350 4110 recipit,
