<?xml version="1.0" encoding="UTF-8"?>
<!DOCTYPE html PUBLIC "-//W3C//DTD XHTML 1.0 Transitional//EN"
    "http://www.w3.org/TR/xhtml1/DTD/xhtml1-transitional.dtd">
<html xmlns="http://www.w3.org/1999/xhtml" xml:lang="en" lang="en">
 <head>
  <title>
</title>
<meta http-equiv="Content-Type" content="text/html;charset=utf-8" />
  <meta name='ocr-system' content='tesseract 3.04.00' />
  <meta name='ocr-capabilities' content='ocr_page ocr_carea ocr_par ocr_line ocrx_word'/>
</head>
<body>
  <div class='ocr_page' id='page_1' title='image "./pharmacopoeiaho00quingoog_0089.png"; bbox 0 0 3084 5040; ppageno 0'>
   <div class='ocr_carea' id='block_1_1' title="bbox 299 325 999 406">
    <p class='ocr_par' dir='ltr' id='par_1_1' title="bbox 299 325 999 406">
     <span class='ocr_line' id='line_1_1' title="bbox 299 325 999 406; baseline 0.007 -7"><span class='ocrx_word' id='word_1_1' title='bbox 299 325 354 400; x_wconf 73' lang='lat'>54</span> <span class='ocrx_word' id='word_1_2' title='bbox 649 352 999 406; x_wconf 71' lang='lat' dir='ltr'>rrrnnnacororm</span> 
     </span>
    </p>
   </div>
   <div class='ocr_carea' id='block_1_2' title="bbox 291 514 1346 1528">
    <p class='ocr_par' dir='ltr' id='par_1_2' title="bbox 291 514 1346 1528">
     <span class='ocr_line' id='line_1_2' title="bbox 298 514 1346 628; baseline 0.003 -33"><span class='ocrx_word' id='word_1_3' title='bbox 298 514 459 623; x_wconf 86' lang='lat' dir='ltr'>aliquot</span> <span class='ocrx_word' id='word_1_4' title='bbox 479 518 593 600; x_wconf 89' lang='lat' dir='ltr'>horis</span> <span class='ocrx_word' id='word_1_5' title='bbox 612 531 710 627; x_wconf 90' lang='lat' dir='ltr'>post</span> <span class='ocrx_word' id='word_1_6' title='bbox 731 547 757 601; x_wconf 95' lang='lat' dir='ltr'>a</span> <span class='ocrx_word' id='word_1_7' title='bbox 774 519 938 628; x_wconf 86' lang='lat' dir='ltr'>liquore</span> <span class='ocrx_word' id='word_1_8' title='bbox 959 529 1259 626; x_wconf 83' lang='lat' dir='ltr'>supernatante</span> <span class='ocrx_word' id='word_1_9' title='bbox 1278 543 1346 599; x_wconf 88' lang='lat' dir='ltr'>se-</span> 
     </span>
     <span class='ocr_line' id='line_1_3' title="bbox 296 669 1346 777; baseline 0.003 -32"><span class='ocrx_word' id='word_1_10' title='bbox 296 693 416 774; x_wconf 91' lang='lat' dir='ltr'>para,</span> <span class='ocrx_word' id='word_1_11' title='bbox 451 669 604 750; x_wconf 90' lang='lat' dir='ltr'>deinde</span> <span class='ocrx_word' id='word_1_12' title='bbox 642 698 744 752; x_wconf 88' lang='lat' dir='ltr'>vero</span> <span class='ocrx_word' id='word_1_13' title='bbox 782 671 963 753; x_wconf 89' lang='lat' dir='ltr'>totidem</span> <span class='ocrx_word' id='word_1_14' title='bbox 995 669 1186 777; x_wconf 87' lang='lat' dir='ltr'>partibus</span> <span class='ocrx_word' id='word_1_15' title='bbox 1226 695 1346 776; x_wconf 89' lang='lat' dir='ltr'>aquae</span> 
     </span>
     <span class='ocr_line' id='line_1_4' title="bbox 295 818 1345 930; baseline -0.001 -33"><span class='ocrx_word' id='word_1_16' title='bbox 295 845 426 924; x_wconf 87' lang='lat' dir='ltr'>purae,</span> <span class='ocrx_word' id='word_1_17' title='bbox 460 820 528 899; x_wconf 86' lang='lat' dir='ltr'>oui</span> <span class='ocrx_word' id='word_1_18' title='bbox 548 832 691 903; x_wconf 89' lang='lat' dir='ltr'>tamen</span> <span class='ocrx_word' id='word_1_19' title='bbox 722 822 883 930; x_wconf 84' lang='lat' dir='ltr'>aliquot</span> <span class='ocrx_word' id='word_1_20' title='bbox 915 832 1046 926; x_wconf 85' lang='lat' dir='ltr'>guttae</span> <span class='ocrx_word' id='word_1_21' title='bbox 1081 818 1183 902; x_wconf 88' lang='lat' dir='ltr'>Kali</span> <span class='ocrx_word' id='word_1_22' title='bbox 1218 818 1345 900; x_wconf 91' lang='lat' dir='ltr'>soluti</span> 
     </span>
     <span class='ocr_line' id='line_1_5' title="bbox 297 968 1340 1075; baseline -0.001 -27"><span class='ocrx_word' id='word_1_23' title='bbox 297 968 493 1050; x_wconf 85' lang='lat' dir='ltr'>admixtae</span> <span class='ocrx_word' id='word_1_24' title='bbox 507 996 599 1051; x_wconf 89' lang='lat' dir='ltr'>esse</span> <span class='ocrx_word' id='word_1_25' title='bbox 621 972 794 1072; x_wconf 94' lang='lat' dir='ltr'>debent,</span> <span class='ocrx_word' id='word_1_26' title='bbox 811 971 985 1069; x_wconf 88' lang='lat' dir='ltr'>adfusis,</span> <span class='ocrx_word' id='word_1_27' title='bbox 1001 971 1072 1050; x_wconf 88' lang='lat' dir='ltr'>Sal</span> <span class='ocrx_word' id='word_1_28' title='bbox 1086 969 1197 1051; x_wconf 92' lang='lat' dir='ltr'>bene</span> <span class='ocrx_word' id='word_1_29' title='bbox 1214 968 1340 1075; x_wconf 84' lang='lat' dir='ltr'>agita.</span> 
     </span>
     <span class='ocr_line' id='line_1_6' title="bbox 294 1117 1341 1230; baseline -0.001 -31"><span class='ocrx_word' id='word_1_30' title='bbox 294 1117 345 1200; x_wconf 95' lang='lat' dir='ltr'>Id</span> <span class='ocrx_word' id='word_1_31' title='bbox 365 1120 480 1227; x_wconf 93' lang='lat' dir='ltr'>quod</span> <span class='ocrx_word' id='word_1_32' title='bbox 499 1119 581 1202; x_wconf 76' lang='lat' dir='ltr'>hac</span> <span class='ocrx_word' id='word_1_33' title='bbox 601 1122 671 1204; x_wconf 71' lang='lat' dir='ltr'>viat</span> <span class='ocrx_word' id='word_1_34' title='bbox 690 1123 832 1230; x_wconf 90' lang='lat' dir='ltr'>aliquo</span> <span class='ocrx_word' id='word_1_35' title='bbox 847 1133 1040 1228; x_wconf 88' lang='lat' dir='ltr'>tempore</span> <span class='ocrx_word' id='word_1_36' title='bbox 1055 1130 1152 1228; x_wconf 93' lang='lat' dir='ltr'>post</span> <span class='ocrx_word' id='word_1_37' title='bbox 1169 1118 1341 1215; x_wconf 86' lang='lat' dir='ltr'>decidit,</span> 
     </span>
     <span class='ocr_line' id='line_1_7' title="bbox 296 1268 1342 1378; baseline 0 -29"><span class='ocrx_word' id='word_1_38' title='bbox 296 1268 350 1351; x_wconf 93' lang='lat' dir='ltr'>ab</span> <span class='ocrx_word' id='word_1_39' title='bbox 390 1269 505 1350; x_wconf 92' lang='lat' dir='ltr'>omni</span> <span class='ocrx_word' id='word_1_40' title='bbox 542 1270 706 1378; x_wconf 89' lang='lat' dir='ltr'>liquore</span> <span class='ocrx_word' id='word_1_41' title='bbox 743 1271 970 1353; x_wconf 92' lang='lat' dir='ltr'>liberatum</span> <span class='ocrx_word' id='word_1_42' title='bbox 1004 1271 1115 1352; x_wconf 91' lang='lat' dir='ltr'>inter</span> <span class='ocrx_word' id='word_1_43' title='bbox 1152 1269 1342 1350; x_wconf 86' lang='lat' dir='ltr'>chartam</span> 
     </span>
     <span class='ocr_line' id='line_1_8' title="bbox 291 1414 1339 1528; baseline -0.003 -31"><span class='ocrx_word' id='word_1_44' title='bbox 291 1415 497 1518; x_wconf 88' lang='lat' dir='ltr'>bibulam,</span> <span class='ocrx_word' id='word_1_45' title='bbox 518 1416 777 1528; x_wconf 84' lang='lat' dir='ltr'>ponderibus</span> <span class='ocrx_word' id='word_1_46' title='bbox 804 1418 976 1524; x_wconf 90' lang='lat' dir='ltr'>insuper</span> <span class='ocrx_word' id='word_1_47' title='bbox 994 1414 1218 1523; x_wconf 80' lang='lat' dir='ltr'>impositis,</span> <span class='ocrx_word' id='word_1_48' title='bbox 1240 1437 1339 1521; x_wconf 87' lang='lat' dir='ltr'>per-</span> 
     </span>
    </p>
   </div>
   <div class='ocr_carea' id='block_1_3' title="bbox 185 1564 551 1656">
    <p class='ocr_par' dir='ltr' id='par_1_3' title="bbox 185 1564 551 1656">
     <span class='ocr_line' id='line_1_9' title="bbox 185 1564 551 1656; baseline 0.008 -11"><span class='ocrx_word' id='word_1_49' title='bbox 185 1643 193 1656; x_wconf 83' lang='grc'>,</span> <span class='ocrx_word' id='word_1_50' title='bbox 293 1564 406 1648; x_wconf 88' lang='lat' dir='ltr'>fecte</span> <span class='ocrx_word' id='word_1_51' title='bbox 428 1567 551 1649; x_wconf 86' lang='lat' dir='ltr'>sicca.</span> 
     </span>
    </p>
   </div>
   <div class='ocr_carea' id='block_1_4' title="bbox 345 1701 349 1708">
    <p class='ocr_par' dir='ltr' id='par_1_4' title="bbox 345 1701 349 1708">
     <span class='ocr_line' id='line_1_10' title="bbox 345 1701 349 1708; baseline 0 0"><span class='ocrx_word' id='word_1_52' title='bbox 345 1701 349 1708; x_wconf 68' lang='grc' dir='ltr'><em>ι</em></span> 
     </span>
    </p>
   </div>
   <div class='ocr_carea' id='block_1_5' title="bbox 291 1718 1340 1976">
    <p class='ocr_par' dir='ltr' id='par_1_5' title="bbox 291 1718 1340 1976">
     <span class='ocr_line' id='line_1_11' title="bbox 347 1718 1340 1827; baseline 0 -29"><span class='ocrx_word' id='word_1_53' title='bbox 347 1718 539 1799; x_wconf 92' lang='lat' dir='ltr'>Attenua</span> <span class='ocrx_word' id='word_1_54' title='bbox 563 1719 715 1800; x_wconf 89' lang='lat' dir='ltr'>eodem</span> <span class='ocrx_word' id='word_1_55' title='bbox 736 1720 877 1815; x_wconf 91' lang='lat' dir='ltr'>modo,</span> <span class='ocrx_word' id='word_1_56' title='bbox 895 1720 939 1804; x_wconf 93' lang='lat' dir='ltr'>in</span> <span class='ocrx_word' id='word_1_57' title='bbox 959 1745 1043 1827; x_wconf 93' lang='lat' dir='ltr'>quo</span> <span class='ocrx_word' id='word_1_58' title='bbox 1058 1718 1245 1800; x_wconf 86' lang='lat' dir='ltr'>remedia</span> <span class='ocrx_word' id='word_1_59' title='bbox 1264 1744 1340 1799; x_wconf 93' lang='lat' dir='ltr'>an-</span> 
     </span>
     <span class='ocr_line' id='line_1_12' title="bbox 291 1865 723 1976; baseline 0.005 -28"><span class='ocrx_word' id='word_1_60' title='bbox 291 1865 492 1976; x_wconf 86' lang='lat' dir='ltr'>tipsorica</span> <span class='ocrx_word' id='word_1_61' title='bbox 510 1880 723 1976; x_wconf 88' lang='lat' dir='ltr'>parantur.</span> 
     </span>
    </p>
   </div>
   <div class='ocr_carea' id='block_1_6' title="bbox 346 2018 1336 2127">
    <p class='ocr_par' dir='ltr' id='par_1_6' title="bbox 346 2018 1336 2127">
     <span class='ocr_line' id='line_1_13' title="bbox 346 2018 1336 2127; baseline 0.001 -29"><span class='ocrx_word' id='word_1_62' title='bbox 346 2018 546 2100; x_wconf 78' lang='lat' dir='ltr'>Dosisz—</span> <span class='ocrx_word' id='word_1_63' title='bbox 559 2018 687 2100; x_wconf 91' lang='lat' dir='ltr'>Glob.</span> <span class='ocrx_word' id='word_1_64' title='bbox 709 2019 753 2126; x_wconf 90' lang='lat' dir='ltr'>ij.</span> <span class='ocrx_word' id='word_1_65' title='bbox 777 2021 1003 2127; x_wconf 85' lang='lat' dir='ltr'>trigesimae</span> <span class='ocrx_word' id='word_1_66' title='bbox 1023 2019 1336 2102; x_wconf 89' lang='lat' dir='ltr'>attenuationis.</span> 
     </span>
    </p>
   </div>
   <div class='ocr_carea' id='block_1_7' title="bbox 287 2237 1338 3536">
    <p class='ocr_par' dir='ltr' id='par_1_7' title="bbox 427 2237 1208 2472">
     <span class='ocr_line' id='line_1_14' title="bbox 427 2237 1208 2323; baseline -0.004 -17"><span class='ocrx_word' id='word_1_67' title='bbox 427 2237 597 2306; x_wconf 68' lang='lat' dir='ltr'>roam.</span> <span class='ocrx_word' id='word_1_68' title='bbox 643 2239 871 2323; x_wconf 72' lang='lat' dir='ltr'>(narsum</span> <span class='ocrx_word' id='word_1_69' title='bbox 895 2238 1208 2323; x_wconf 74' lang='lat' dir='ltr'>sonncrcun.)</span> 
     </span>
     <span class='ocr_line' id='line_1_15' title="bbox 575 2377 1153 2472; baseline -0.005 -20"><span class='ocrx_word' id='word_1_70' title='bbox 575 2395 710 2472; x_wconf 82' lang='lat' dir='ltr'>Triginta</span> <span class='ocrx_word' id='word_1_71' title='bbox 724 2396 936 2469; x_wconf 74' lang='lat' dir='ltr'>attenuationes</span> <span class='ocrx_word' id='word_1_72' title='bbox 964 2377 1153 2471; x_wconf 45' lang='lat' dir='ltr'>(X).1</span> 
     </span>
    </p>

    <p class='ocr_par' dir='ltr' id='par_1_8' title="bbox 287 2500 1338 3078">
     <span class='ocr_line' id='line_1_16' title="bbox 347 2500 1338 2630; baseline 0.005 -28"><span class='ocrx_word' id='word_1_73' title='bbox 347 2521 533 2604; x_wconf 89' lang='lat' dir='ltr'>Suboras</span> <span class='ocrx_word' id='word_1_74' title='bbox 557 2521 681 2603; x_wconf 86' lang='lat' dir='ltr'>Sodae</span> <span class='ocrx_word' id='word_1_75' title='bbox 702 2500 937 2604; x_wconf 83' lang='lat' dir='ltr'>adhibetur.</span> <span class='ocrx_word' id='word_1_76' title='bbox 998 2523 1141 2603; x_wconf 92' lang='lat' dir='ltr'>Unum</span> <span class='ocrx_word' id='word_1_77' title='bbox 1160 2550 1338 2630; x_wconf 87' lang='lat' dir='ltr'>granum</span> 
     </span>
     <span class='ocr_line' id='line_1_17' title="bbox 287 2671 1338 2779; baseline 0.001 -24"><span class='ocrx_word' id='word_1_78' title='bbox 287 2687 354 2756; x_wconf 89' lang='lat' dir='ltr'>ter</span> <span class='ocrx_word' id='word_1_79' title='bbox 387 2700 484 2754; x_wconf 87' lang='lat' dir='ltr'>cum</span> <span class='ocrx_word' id='word_1_80' title='bbox 513 2672 659 2753; x_wconf 85' lang='lat' dir='ltr'>Laetis</span> <span class='ocrx_word' id='word_1_81' title='bbox 695 2672 894 2753; x_wconf 88' lang='lat' dir='ltr'>Sacchari</span> <span class='ocrx_word' id='word_1_82' title='bbox 923 2671 1156 2779; x_wconf 89' lang='lat' dir='ltr'>nonaginta</span> <span class='ocrx_word' id='word_1_83' title='bbox 1183 2700 1338 2756; x_wconf 91' lang='lat' dir='ltr'>novem</span> 
     </span>
     <span class='ocr_line' id='line_1_18' title="bbox 288 2823 1333 2932; baseline 0.002 -29"><span class='ocrx_word' id='word_1_84' title='bbox 288 2823 428 2932; x_wconf 88' lang='lat' dir='ltr'>grauis</span> <span class='ocrx_word' id='word_1_85' title='bbox 439 2823 586 2921; x_wconf 88' lang='lat' dir='ltr'>misce,</span> <span class='ocrx_word' id='word_1_86' title='bbox 605 2835 647 2903; x_wconf 88' lang='lat' dir='ltr'>et</span> <span class='ocrx_word' id='word_1_87' title='bbox 666 2823 795 2904; x_wconf 88' lang='lat' dir='ltr'>vicies</span> <span class='ocrx_word' id='word_1_88' title='bbox 808 2824 967 2930; x_wconf 87' lang='lat' dir='ltr'>septies</span> <span class='ocrx_word' id='word_1_89' title='bbox 986 2824 1030 2904; x_wconf 91' lang='lat' dir='ltr'>in</span> <span class='ocrx_word' id='word_1_90' title='bbox 1040 2823 1141 2903; x_wconf 90' lang='lat' dir='ltr'>Vini</span> <span class='ocrx_word' id='word_1_91' title='bbox 1159 2823 1333 2932; x_wconf 87' lang='lat' dir='ltr'>Spin&#39;tu,</span> 
     </span>
     <span class='ocr_line' id='line_1_19' title="bbox 288 2970 1014 3078; baseline -0.001 -23"><span class='ocrx_word' id='word_1_92' title='bbox 288 2972 397 3056; x_wconf 85' lang='lat' dir='ltr'>sicut</span> <span class='ocrx_word' id='word_1_93' title='bbox 417 2971 727 3053; x_wconf 88' lang='lat' dir='ltr'>medicamenta</span> <span class='ocrx_word' id='word_1_94' title='bbox 747 2970 1014 3078; x_wconf 86' lang='lat' dir='ltr'>antipsorioa.</span> 
     </span>
    </p>

    <p class='ocr_par' dir='ltr' id='par_1_9' title="bbox 289 3120 1333 3364">
     <span class='ocr_line' id='line_1_20' title="bbox 343 3120 1333 3230; baseline 0.003 -25"><span class='ocrx_word' id='word_1_95' title='bbox 343 3123 476 3206; x_wconf 88' lang='lat' dir='ltr'>Dosis</span> <span class='ocrx_word' id='word_1_96' title='bbox 494 3121 694 3206; x_wconf 77' lang='lat' dir='ltr'>z-Glob.</span> <span class='ocrx_word' id='word_1_97' title='bbox 717 3122 744 3206; x_wconf 87' lang='lat' dir='ltr'>i.</span> <span class='ocrx_word' id='word_1_98' title='bbox 764 3133 836 3201; x_wconf 93' lang='lat' dir='ltr'>aut</span> <span class='ocrx_word' id='word_1_99' title='bbox 856 3120 899 3230; x_wconf 80' lang='lat' dir='ltr'>ij</span> <span class='ocrx_word' id='word_1_100' title='bbox 915 3121 1143 3229; x_wconf 87' lang='lat' dir='ltr'>trigesimae</span> <span class='ocrx_word' id='word_1_101' title='bbox 1163 3136 1333 3208; x_wconf 82' lang='lat' dir='ltr'>attenu·</span> 
     </span>
     <span class='ocr_line' id='line_1_21' title="bbox 289 3274 454 3364; baseline 0 -10"><span class='ocrx_word' id='word_1_102' title='bbox 289 3274 454 3364; x_wconf 88' lang='lat' dir='ltr'>ationis.</span> 
     </span>
    </p>

    <p class='ocr_par' dir='ltr' id='par_1_10' title="bbox 343 3422 1261 3536">
     <span class='ocr_line' id='line_1_22' title="bbox 343 3422 1261 3536; baseline 0.002 -32"><span class='ocrx_word' id='word_1_103' title='bbox 343 3422 682 3512; x_wconf 78' lang='lat' dir='ltr'>Durat-Ultra</span> <span class='ocrx_word' id='word_1_104' title='bbox 701 3424 939 3536; x_wconf 87' lang='lat' dir='ltr'>complures</span> <span class='ocrx_word' id='word_1_105' title='bbox 959 3423 1261 3507; x_wconf 87' lang='lat' dir='ltr'>hebdomadas.</span> 
     </span>
    </p>
   </div>
   <div class='ocr_carea' id='block_1_8' title="bbox 590 3641 1035 3712">
    <p class='ocr_par' dir='ltr' id='par_1_11' title="bbox 590 3641 1035 3712">
     <span class='ocr_line' id='line_1_23' title="bbox 590 3641 1035 3712; baseline -0.013 0"><span class='ocrx_word' id='word_1_106' title='bbox 590 3642 815 3712; x_wconf 83' lang='lat' dir='ltr'>BRYONIA</span> <span class='ocrx_word' id='word_1_107' title='bbox 839 3641 971 3710; x_wconf 87' lang='lat' dir='ltr'><strong>ALBA</strong></span> <span class='ocrx_word' id='word_1_108' title='bbox 995 3643 1035 3707; x_wconf 87' lang='lat' dir='ltr'>L.</span> 
     </span>
    </p>
   </div>
   <div class='ocr_carea' id='block_1_9' title="bbox 576 3801 1044 3897">
    <p class='ocr_par' dir='ltr' id='par_1_12' title="bbox 576 3801 1044 3897">
     <span class='ocr_line' id='line_1_24' title="bbox 576 3801 1044 3897; baseline -0.011 -18"><span class='ocrx_word' id='word_1_109' title='bbox 576 3819 710 3897; x_wconf 81' lang='lat' dir='ltr'>Triginta</span> <span class='ocrx_word' id='word_1_110' title='bbox 724 3819 936 3878; x_wconf 82' lang='lat' dir='ltr'>attenuationes</span> <span class='ocrx_word' id='word_1_111' title='bbox 964 3801 1044 3896; x_wconf 71' lang='lat' dir='ltr'>(X).</span> 
     </span>
    </p>
   </div>
   <div class='ocr_carea' id='block_1_10' title="bbox 283 3970 1332 4233">
    <p class='ocr_par' dir='ltr' id='par_1_13' title="bbox 283 3970 1332 4233">
     <span class='ocr_line' id='line_1_25' title="bbox 341 3970 1332 4080; baseline -0.002 -22"><span class='ocrx_word' id='word_1_112' title='bbox 341 3974 504 4058; x_wconf 89' lang='lat' dir='ltr'>Medici</span> <span class='ocrx_word' id='word_1_113' title='bbox 516 3970 861 4080; x_wconf 88' lang='lat' dir='ltr'>Homoeopathici</span> <span class='ocrx_word' id='word_1_114' title='bbox 873 3971 1014 4054; x_wconf 88' lang='lat' dir='ltr'>radice</span> <span class='ocrx_word' id='word_1_115' title='bbox 1027 3983 1194 4055; x_wconf 87' lang='lat' dir='ltr'>tanturn</span> <span class='ocrx_word' id='word_1_116' title='bbox 1206 3986 1332 4057; x_wconf 92' lang='lat' dir='ltr'>utun·</span> 
     </span>
     <span class='ocr_line' id='line_1_26' title="bbox 283 4123 1332 4233; baseline -0.008 -17"><span class='ocrx_word' id='word_1_117' title='bbox 283 4140 364 4216; x_wconf 85' lang='lat' dir='ltr'>tur.</span> <span class='ocrx_word' id='word_1_118' title='bbox 403 4127 594 4209; x_wconf 84' lang='lat' dir='ltr'>Necesse</span> <span class='ocrx_word' id='word_1_119' title='bbox 606 4135 688 4220; x_wconf 87' lang='lat' dir='ltr'>est,</span> <span class='ocrx_word' id='word_1_120' title='bbox 706 4134 768 4223; x_wconf 93' lang='lat' dir='ltr'>ut,</span> <span class='ocrx_word' id='word_1_121' title='bbox 783 4123 1027 4233; x_wconf 89' lang='lat' dir='ltr'>priusquam</span> <span class='ocrx_word' id='word_1_122' title='bbox 1037 4125 1184 4232; x_wconf 89' lang='lat' dir='ltr'>planta</span> <span class='ocrx_word' id='word_1_123' title='bbox 1194 4126 1332 4222; x_wconf 91' lang='lat' dir='ltr'>floret,</span> 
     </span>
    </p>
   </div>
   <div class='ocr_carea' id='block_1_11' title="bbox 0 0 1546 5040">
    <p class='ocr_par' dir='ltr' id='par_1_14' title="bbox 0 0 1546 5040">
     <span class='ocr_line' id='line_1_27' title="bbox 0 0 1546 5040; baseline 0 6"><span class='ocrx_word' id='word_1_124' title='bbox 0 0 1546 5040; x_wconf 95' lang='lat' dir='ltr'> </span> 
     </span>
    </p>
   </div>
  </div>
 </body>
</html>
