3084 5040
416 511 422 518 Ι
563 427 923 485 uounorsrurcs.
1245 405 1271 480 5

216 622 444 704 ,nunquam
483 595 676 680 adhiberi
712 596 883 682 debent.
943 591 1271 680 Accuratissime

225 747 427 855 ponderis
448 747 639 832 definitio
657 748 831 859 perinde
851 776 903 830 ac
915 775 1084 833 summa
1101 744 1268 830 mundi·

225 900 307 982 ties
317 900 577 1009 postulatum
602 900 759 984 etenim
773 901 810 983 si
823 899 891 985 vel
906 895 1272 1009 aliquantuloplus

223 1063 298 1133 aut
318 1051 471 1153 minus,
495 1079 624 1162 quam
641 1081 719 1162 par
738 1062 820 1154 est,
839 1052 1031 1152 sumitur,
1048 1079 1136 1133 non
1149 1045 1273 1132 vitari

224 1215 385 1312 potest,
406 1203 507 1311 quin
526 1204 571 1286 in
589 1204 788 1288 remediis
813 1203 1014 1312 deinceps
1042 1199 1272 1285 attenuatis

226 1365 270 1434 et
290 1354 435 1436 dilutis
451 1355 603 1438 calculi
622 1382 738 1438 error
756 1352 945 1438 eveniat:
980 1379 1079 1434 nam
1098 1378 1151 1435 eo
1170 1347 1272 1432 faci·

225 1505 305 1587 lius
326 1503 562 1613 apparebit,
586 1533 671 1614 quo
690 1503 826 1614 magis
846 1504 1034 1588 remedia
1053 1513 1273 1586 attenuata

224 1669 268 1739 et
284 1657 418 1739 diluta
433 1667 551 1757 sunt;
575 1657 698 1765 quisi
716 1656 964 1741 commissus
977 1669 1042 1741 est
1057 1657 1100 1740 in
1114 1653 1273 1739 morbis

226 1808 376 1916 acutis,
397 1807 473 1892 ubi
491 1807 879 1918 dilutissimisropus
895 1821 976 1911 est,
993 1808 1109 1892 haud
1122 1833 1272 1917 parum

227 1971 408 2070 aegrotus
427 1960 604 2069 periculi
623 1958 773 2044 obibit.

285 2111 372 2196 Ubi
389 2112 637 2214 remedium,
662 2123 706 2194 et
727 2111 959 2220 praesertim
982 2109 1155 2218 quidem
1179 2109 1275 2220 pul-

227 2265 291 2348 vis
334 2264 475 2374 parari
512 2263 676 2372 incipit,
720 2263 757 2346 si
798 2261 852 2344 ab
894 2289 1025 2372 opere
1068 2262 1272 2365 auoceris,

227 2418 464 2500 cavendum
495 2427 560 2498 est
582 2442 637 2498 ne
659 2414 748 2498 ullo
773 2414 819 2498 in
843 2415 972 2498 modo
998 2418 1071 2498 aer
1088 2414 1275 2523 ingredi-

228 2579 334 2650 atur.
366 2567 427 2650 Ut
441 2567 525 2649 hoc
539 2565 663 2650 vitari
677 2565 827 2675 possit,
843 2594 1007 2650 summo
1023 2595 1119 2650 cum
1131 2568 1273 2650 studio
1384 2667 1387 2673 ¹

226 2719 271 2800 in
290 2717 445 2802 vitrum
465 2729 539 2800 aut
558 2718 764 2800 scatulam
784 2717 934 2826 seponi
960 2717 1114 2818 debet3
1153 2719 1274 2800 aliter

228 2870 341 2953 enim
359 2869 610 2968 timendum,
626 2895 681 2950 ne
696 2868 977 2953 remediorum
990 2868 1054 2952 vis
1070 2849 1272 2969 mutetur,

229 3021 346 3130 quod
363 3019 631 3131 potissimum
651 3019 705 3102 de
721 3017 872 3104 mediis
887 3021 1001 3102 valet
1017 3019 1275 3104 attenuatio-

228 3170 366 3254 nibus.

283 3323 437 3432 Neque
457 3322 594 3406 minus
614 3324 850 3407 cavendum
869 3347 959 3404 esse
983 3320 1113 3406 debet
1140 3321 1185 3404 in
1213 3334 1272 3407 at·
1315 3415 1318 3422 ,

227 3475 453 3559 tenuandis
467 3474 664 3558 remediis
683 3473 874 3585 liquidis3
899 3473 1070 3582 quodsi
1092 3475 1275 3586 exempli

230 3631 357 3712 causa
369 3629 556 3712 incertus
569 3628 640 3729 sis,
658 3656 760 3710 num
773 3626 865 3738 jam
879 3629 1055 3712 remedii
1065 3634 1275 3739 guttulam

230 3780 394 3893 spiritui
412 3779 499 3864 vini
516 3778 560 3863 vi
577 3779 745 3862 medica
762 3781 952 3863 nondum
971 3781 1149 3891 praedito
1170 3784 1276 3868 affu-

230 3934 359 4036 deris,
389 3932 540 4015 melius
567 3931 645 4014 erit
670 3931 911 4040 lagenulam
937 3933 1077 4015 denuo
1096 3961 1276 4042 purgare

230 4061 360 4195 atque
378 4083 618 4167 necessaria
638 4082 806 4192 spiritus
828 4082 915 4167 vini
941 4083 1179 4192 quantitate
1205 4111 1273 4166 re·

231 4237 349 4348 plere
377 4236 637 4346 repletaque
666 4235 919 4318 medicinam
949 4235 1117 4319 addere.
1179 4235 1279 4336 Quo
