3058 5040
305 372 359 457 98
650 390 1005 446 ennnnncormm

303 559 451 642 horam
464 559 679 642 dimidiam
693 571 883 659 contere,
894 551 1353 662 contritumqueaSpi-

302 710 386 793 ritu
400 710 756 794 AEtherisNitrioi
769 709 936 791 interim
951 719 1046 790 orto
1059 733 1220 816 separa.
1252 703 1352 800 Quo

302 861 434 960 facto,
456 888 534 969 per
550 862 699 943 horam
720 859 936 941 dimidiam
956 886 1052 939 cum
1072 856 1232 965 Spiritu
1249 853 1352 937 Vini

303 1024 504 1110 contere3
537 1013 620 1093 hoc
641 1010 793 1121 saepius
822 1020 985 1118 repete,
1013 1008 1151 1091 donec
1171 1005 1351 1116 Spiritus

301 1161 402 1242 Vini
413 1162 543 1244 odore
556 1189 632 1243 suo
640 1158 987 1268 nullumSpiritus
997 1158 1186 1242 AEtheris
1197 1154 1350 1240 Nitrici

299 1313 526 1421 vestigium
544 1314 710 1422 prodat.
770 1313 887 1397 Dein
906 1312 983 1412 sal,
1010 1313 1159 1394 defuso
1192 1309 1351 1418 Spiritu

300 1464 403 1544 Vini
423 1475 551 1572 atque
582 1463 730 1545 chata
757 1462 907 1545 bibula
926 1462 1161 1571 suppositi,
1182 1487 1348 1571 pressu,

302 1639 428 1720 quem
447 1612 705 1720 ponderibus
728 1611 900 1719 insuper
919 1610 1072 1693 additis
1093 1638 1247 1718 augere
1267 1637 1347 1719 po·

301 1775 402 1862 test,
440 1762 493 1842 ab
528 1761 643 1842 omni
675 1761 853 1841 humore
886 1759 1035 1842 libera.
1109 1760 1347 1860 Postremo,

299 1914 362 1996 sal
380 1912 441 1994 ita
460 1912 664 1995 siccatum
684 1939 780 1994 oum
803 1911 962 2020 duplici
989 1940 1110 2021 aquae
1129 1912 1351 1996 destillatae

301 2061 537 2172 quantitate
556 2090 632 2172 per
651 2075 845 2172 quartam
864 2063 979 2144 horae
998 2074 1165 2172 partem
1184 2062 1228 2144 in
1242 2090 1349 2145 mor·

298 2214 407 2297 tario
429 2225 617 2313 contere,
647 2225 689 2294 et
709 2212 884 2320 limpido
909 2215 1074 2322 liquore
1106 2216 1271 2317 defuso,
1305 2215 1351 2298 id

300 2366 413 2466 salis,
438 2364 554 2474 quod
572 2363 767 2445 relictum
796 2376 877 2465 est,
914 2364 1067 2446 iterum
1100 2394 1197 2448 cum
1227 2392 1350 2475 aquae

300 2516 451 2598 eadem
471 2514 708 2621 quantitate
736 2526 922 2612 contere,
954 2515 1192 2624 iterumque
1210 2518 1351 2626 limpi-

300 2667 401 2748 dum
419 2665 629 2772 liquorem
658 2664 860 2765 defunde,
890 2678 936 2747 ut
966 2667 1042 2768 illi,
1077 2666 1150 2774 qui
1169 2668 1351 2776 primum

300 2817 473 2899 defusus
492 2826 573 2914 est,
593 2813 814 2896 admisceri
831 2815 980 2922 possit.
1028 2815 1126 2897 Hoc
1141 2816 1211 2898 vii
1224 2845 1350 2902 omne

300 2969 356 3064 id,
395 2963 512 3076 quod
547 2965 684 3046 inerat
722 2963 799 3046 sali
836 2964 1043 3061 adhibito,
1084 2965 1351 3076 Hydrargyri

301 3120 343 3203 N
345 3118 454 3200 itrici
486 3117 676 3224 perfecte
718 3114 894 3195 saturati
924 3113 1100 3224 ejusque
1140 3117 1351 3226 purissimi

303 3270 416 3379 aquis
435 3268 620 3349 solutum
640 3274 721 3362 est,
742 3262 788 3344 id
806 3289 908 3345 vero
929 3266 1047 3371 quod
1063 3293 1150 3348 non
1166 3266 1352 3349 solutum

299 3419 504 3518 remanet,
526 3415 703 3498 mixtum
722 3425 824 3495 este
841 3412 1106 3522 Hydrargyri
1121 3414 1349 3498 Muriatico

302 3580 345 3651 et
367 3567 631 3677 Sulphurioo.

359 3721 427 3802 Ex
443 3721 527 3802 hoc
545 3719 709 3827 liquore
730 3719 875 3801 addito
903 3717 1130 3798 Ammonio
1151 3715 1351 3797 Caustico

304 3873 628 3982 Hydrargyrum
639 3870 929 3978 Oxydulatum
948 3866 1055 3974 nigri
1074 3866 1119 3949 in
1137 3865 1351 3948 cinereum

302 4021 513 4131 vergentis
533 4020 686 4103 coloris
699 4031 742 4101 et
761 4020 1030 4131 purissimum
1046 4017 1216 4114 decidit,
1234 4014 1351 4125 quod

301 4175 485 4285 puritate
506 4173 583 4254 sui
603 4182 741 4281 aequat
761 4170 1010 4278 AEthiopem
1040 4196 1118 4278 per
1138 4195 1199 4267 se,
1222 4193 1351 4276 quem
