3084 5040
565 387 919 442 noumornrnroa.
1217 365 1272 441 43

225 675 554 744 ANTIMONIUM
577 681 688 748 SIVE
701 679 915 790 Ι,ὃΤΙΒΙΙΙΜ
937 677 1277 749 TARTARICUM.

255 854 480 962 (Tartarus
500 856 734 955 Stibiatus;
766 857 967 938 Tartarus
985 853 1236 958 Emeticus.)

558 1025 618 1084 Sex
632 1025 846 1084 attenuationes
859 1005 947 1100 (II.)

281 1149 360 1233 Est
390 1150 454 1234 sal
481 1151 651 1261 triplex,
690 1150 808 1260 quod
841 1150 1110 1234 constituitur
1136 1147 1276 1232 Aeido
1413 1155 1417 1164 ’

225 1297 460 1399 Tartarico,
482 1301 584 1384 Kali
612 1311 657 1384 et
676 1298 876 1414 Qxydulo
894 1298 1142 1383 Antimonii
1199 1297 1274 1380 Pa

224 1475 274 1540 ra
313 1475 460 1557 parem
491 1451 772 1558 quantitatem
800 1448 966 1532 Tartari
994 1449 1207 1558 Depurati
1233 1461 1277 1534 et

228 1595 354 1682 Croci
377 1598 613 1685 Antimonii
644 1599 690 1684 in
714 1625 815 1682 vase
844 1599 1130 1707 porcellanco‚
1165 1601 1278 1708 aqua

226 1746 394 1848 aesna
428 1749 668 1858 coquendo,
704 1748 857 1832 deinde
888 1747 1097 1856 liquorem
1125 1775 1276 1858 perco-

227 1896 355 1984 lendo
382 1909 426 1982 et
449 1898 602 2007 saepius
627 1899 892 2007 reponendo,
923 1898 985 1981 ita
1014 1911 1062 1982 ut
1091 1899 1277 2008 crystalli

228 2046 402 2132 conflari
420 2048 584 2154 possint
601 2081 613 2146 ;
647 2048 720 2157 qui
741 2047 912 2156 quidem
930 2047 1116 2155 crystalli
1140 2047 1274 2155 parvi,

224 2195 443 2302 pellucidi,
465 2198 589 2298 firmi,
609 2198 799 2306 perfecte
820 2195 922 2297 albi,
947 2193 1109 2303 saporis
1127 2221 1278 2303 parum
1406 2209 1410 2218 “

227 2345 428 2432 metallici
446 2356 491 2429 et
508 2345 679 2454 ingrati,
696 2356 878 2454 quatuor
892 2345 961 2428 vel
975 2343 1128 2454 saepius
1141 2343 1277 2428 tribus

227 2467 392 2601 praediti
412 2508 509 2579 sunt
529 2497 707 2605 angulis.
1127 2591 1131 2600 ‚

284 2645 531 2753 Nonaginta
560 2673 714 2733 novem
744 2673 877 2754 grana
901 2643 1101 2729 Sacchari
1130 2645 1276 2754 Laetis

230 2821 326 2876 cum
345 2795 588 2903 quindecim
606 2797 772 2880 circiter
801 2797 932 2904 guttis
951 2798 1089 2904 Aquae
1113 2797 1278 2881 Destil-

228 2945 326 3028 latae
350 2947 394 3027 in
413 2947 613 3034 mortario
636 2946 785 3055 subige
807 2947 851 3033 in
875 2947 1037 3056 pultem
1062 2959 1273 3052 tenacem,

232 3112 361 3205 atque
376 3097 473 3180 huic
485 3125 662 3204 granum
682 3124 814 3179 unum
823 3085 989 3181 Tartari
1000 3097 1183 3179 Emetici
1194 3125 1277 3207 ope

230 3246 374 3354 pistilli
399 3247 562 3328 humidi
584 3245 788 3329 immisce.
848 3247 955 3327 Haec
975 3245 1172 3345 mixtura,
1195 3247 1277 3330 nisi

229 3399 342 3507 plus,
366 3377 503 3505 quarnw
514 3379 749 3479 attenuatio
761 3397 887 3478 tertia
896 3396 1160 3505 requiratur,
1176 3399 1277 3483 rati-

231 3574 313 3630 one
328 3575 455 3657 supra
464 3546 933 3656 indicatbinpulverem
947 3547 1177 3657 redigenda
1188 3564 1273 3651 est3

231 3697 452 3781 ulteriores
470 3725 572 3781 vero
591 3699 904 3781 attenuationes
924 3697 1064 3780 fluidae
1083 3726 1178 3782 esse
1203 3702 1278 3786 de-

231 3845 350 3931 bent.

287 4000 418 4084 Dosis
437 3999 637 4082 :-Glob.
660 3998 703 4107 ij.
727 3999 884 4106 quintae
909 3999 1211 4084 attenuationis
1232 4001 1276 4084 in

232 4150 390 4235 morbis
410 4150 634 4251 chronicis,
656 4149 700 4231 in
720 4149 855 4234 acutis
873 4175 974 4233 vero
992 4148 1136 4234 sexta·
