3084 5040
540 391 898 448 uoumorarurcn.
1188 365 1245 448 39

94 517 102 532 ⁰
190 553 304 637 dum.
346 557 501 641 Totam
519 561 710 669 plantam
723 559 878 643 adhibe
890 568 934 641 et
949 554 1131 640 eundem
1143 573 1237 632 mo-

189 703 305 806 dum,
330 733 416 815 quo
447 707 502 791 de
536 709 673 794 suecis
705 709 948 794 recentibus
976 715 1236 817 praeceptum

188 867 270 952 est,
292 881 483 965 sequere.
1037 861 1040 866 ’

517 1070 692 1137 AMBRA
715 1070 908 1138 GRISEA.

414 1203 601 1314 (Ambra
618 1205 899 1288 Ambrosiaea
916 1201 996 1311 L.)

511 1383 572 1442 Sex
585 1385 798 1444 attenuationes
812 1363 901 1461 (Π).

245 1502 436 1584 Granum
453 1529 585 1584 uuum
601 1530 697 1585 cum
715 1504 1117 1612 nonagintanovem
1135 1497 1235 1580 Sae-

186 1651 303 1733 chari
320 1651 467 1734 Laetis
486 1649 628 1760 granis
646 1664 753 1753 tere,
790 1665 833 1735 et
867 1651 911 1734 in
941 1650 1118 1748 duabus,
1141 1677 1236 1758 quae

187 1815 437 1912 sequuntur,
459 1785 818 1888 attenuationibus
837 1800 1051 1912 parandis,
1066 1798 1237 1882 easdem

188 1979 366 2061 sequere
384 1954 502 2061 leges
522 1965 569 2038 ut
589 1952 644 2036 de
662 1952 858 2035 remediis
871 1948 1137 2062 antipsoriois
1148 1947 1237 2030 dic·

186 2115 280 2185 tum
318 2113 431 2202 est„
469 2103 653 2188 Primam
688 2102 861 2185 fluidam
903 2100 1239 2184 attenuationem

186 2251 368 2362 Spiritus
395 2250 497 2336 Vini
526 2252 676 2361 aquosi
704 2279 803 2361 ope,
833 2250 1018 2360 reliquas
1050 2274 1152 2334 vero
1183 2246 1238 2330 ad

187 2412 352 2484 sextam
371 2428 476 2512 para
493 2402 656 2487 ratione
673 2401 767 2511 jam
785 2399 983 2484 indicata.

243 2551 581 2635 Dosisz-Glob,
603 2552 647 2661 ij.
665 2553 816 2653 tertiae,
836 2564 908 2637 aut
927 2553 972 2636 in
988 2553 1235 2664 corporibus

187 2730 281 2814 quae
300 2701 519 2786 imitabilia
539 2714 637 2785 sunt
657 2714 787 2787 sextae
806 2705 1120 2789 attenuationis.

243 2853 427 2936 Duratio
441 2853 590 2936 2—Per
607 2866 695 2936 tres
715 2854 866 2937 saltem
883 2854 1187 2940 hebdomadas.

241 3001 704 3113 Antid—Camphora,
719 3005 821 3088 Nux
832 3007 1012 3089 Vomiea
1029 3019 1072 3089 et
1088 3008 1237 3092 Pulsa-

186 3151 279 3236 tilla
298 3150 389 3259 ejus
409 3151 518 3234 vires
538 3165 827 3261 compescunt.

265 3447 270 3456 ·
392 3403 672 3472 AMMONIUM
694 3405 1031 3475 CARBONICUM.

432 3574 645 3654 Duodeviginti
657 3576 869 3637 attenuationes
882 3560 984 3656 (Vl).

245 3704 421 3811 Lagena
446 3702 575 3811 paulo
604 3702 743 3803 altior,
774 3705 1111 3814 leviterolausa,
1144 3743 1239 3825 quae

188 3854 317 3936 unoid
331 3852 725 3962 dimidibAmmonii
735 3854 952 3940 Muriatiei
966 3847 1096 3969 atque
1113 3867 1239 3949 uncia

189 4005 277 4087 und
294 4003 419 4087 Natri
437 4002 680 4112 Crystallini
701 4005 817 4106 sicci,
837 4010 1014 4092 terendo
1035 4017 1237 4099 commix-

192 4153 349 4255 torum,
371 4154 535 4263 repleta
560 4163 641 4255 est,
669 4155 713 4236 in
745 4156 881 4238 aheno
907 4159 1045 4243 ferreo
1067 4177 1243 4253 eotenus
