3058 5040
264 361 343 436 118
611 382 960 438 runnuncormrn

265 545 348 628 hoc
375 548 608 629 remedium
629 562 673 631 et
693 549 903 656 usquead
922 547 1182 655 trigesimam
1201 553 1310 626 atte-

266 697 510 778 nuationem
534 699 699 804 redigit.

321 845 430 928 Tere
451 873 581 927 unum
599 875 778 953 granum
798 877 896 930 cum
915 859 1087 930 centum
1113 840 1312 927 Sacchari

265 991 412 1074 Lactis
432 995 573 1100 granis
593 1007 682 1077 ter:
717 998 815 1078 dein
835 1024 939 1105 para
962 996 1092 1077 modo
1123 993 1311 1099 antipso-

265 1143 354 1228 rico
373 1173 509 1256 usquc
528 1149 583 1229 ad
602 1150 862 1256 trigesimam
881 1147 1229 1231 attenuationem.

319 1296 453 1377 Dosis
471 1297 671 1380 z-Glob.
693 1298 737 1406 ij.
761 1310 833 1380 aut
862 1298 921 1406 iij.
951 1296 1175 1404 trigesima
1201 1283 1315 1375 atta-¹

264 1442 489 1527 nuationis.

686 1571 877 1636 RHEUM.

508 1691 702 1803 (Rheum
720 1689 957 1778 Palmatum
975 1694 1056 1803 L.)

554 1862 670 1921 Novem
684 1863 897 1922 attenuationes
912 1843 1020 1939 (ΠΙ).

320 1979 388 2060 Ex
406 1981 492 2062 und
510 1992 631 2089 parte
650 1981 803 2064 radicis
818 1982 861 2063 in
876 1983 1094 2090 pulverem
1108 1981 1307 2078 redactae,

265 2128 461 2212 admixtis
480 2129 629 2237 viginti
654 2129 833 2238 Spiritus
855 2131 957 2212 Vini
976 2128 1181 2238 partibus,
1201 2128 1311 2210 intra

265 2278 452 2385 quinque
485 2280 553 2360 vel
591 2306 666 2360 sex
704 2278 794 2360 dies
833 2279 983 2360 caloris
1022 2278 1311 2361 cubiculorum

264 2427 513 2535 temperiem
532 2450 618 2508 non
638 2425 882 2508 excedentis
907 2438 949 2508 ct
979 2426 1172 2534 repetitae
1203 2452 1311 2534 quo-

263 2574 366 2655 tidie
386 2574 628 2680 agitationis
644 2603 725 2682 ope
737 2573 964 2684 tincturam
976 2574 1165 2674 extrahe,
1180 2583 1309 2680 atque

263 2733 497 2804 extractam
518 2750 544 2803 a
560 2722 735 2805 faecibus
756 2749 919 2831 separa.

318 2871 452 2953 Dosis
469 2870 668 2953 z—Glob.
692 2870 718 2950 i.
739 2871 808 2954 vel
835 2869 877 2977 ij.
901 2872 1046 2979 primae
1074 2872 1145 2954 vel
1173 2872 1310 2957 tertiae

263 2989 565 3104 attenuationis
597 3019 642 3099 in
672 3020 820 3127 paucis
848 3018 1023 3120 morbis,
1053 3048 1178 3102 nonae
1207 3048 1309 3105 vero

262 3171 306 3252 in
327 3166 529 3278 plurimis.

337 3321 769 3391 RHODODENDRUM
794 3323 1174 3390 CHRYSANTHUM
1197 3327 1238 3392 L.

555 3451 690 3531 Triginta
702 3453 915 3513 attenuationes
936 3434 1016 3528 (X)-

318 3569 453 3670 Folia,
476 3595 666 3677 gemmas
696 3581 740 3654 et
764 3597 903 3654 ramos
921 3571 1046 3679 hujus
1063 3573 1220 3680 plantae
1240 3575 1310 3656 ad·

263 3721 380 3820 hibe,
412 3729 456 3802 et
485 3717 530 3800 in
556 3719 774 3826 pulverem
802 3719 975 3802 redacta
992 3721 1144 3802 eodem
1161 3723 1308 3823 modo,

266 3898 351 3981 quo
371 3869 557 3967 Rbcum,
578 3894 694 3975 para.

320 4016 378 4099 N.
395 4017 447 4100 B.
478 4014 638 4097 Melius
658 4024 801 4096 autem
822 4026 887 4096 est
911 4018 1095 4100 cundem
1115 4018 1306 4117 modum,

267 4194 353 4278 quo
372 4167 426 4250 de
446 4161 727 4270 antipsoriciS,
750 4165 883 4270 sequi.
