3058 5040
544 376 906 434 uoumomrurcr.
1168 347 1246 428 105

198 541 299 626 Vini
318 544 510 655 partibus
529 547 659 630 misce
680 557 724 630 et
749 571 826 656 per
844 541 1157 628 hebdomadem
1177 565 1243 622 se-

197 720 340 802 pone3
374 697 564 805 quotidie
582 697 650 781 bis
670 697 797 805 agita.

255 847 412 931 Guttas
433 845 523 955 ejus
543 847 692 956 viginti
711 873 808 930 cum
831 845 1051 954 octoginta
1068 841 1247 952 Spiritus

197 996 300 1079 Vini
318 999 450 1106 guttis
471 999 710 1082 commisce.
771 997 871 1079 Hoc
888 997 1066 1106 primam
1085 990 1248 1104 praebet

197 1151 561 1250 attenuationem3
600 1149 698 1234 dein
720 1149 775 1234 ad
805 1147 1054 1230 dilutionem
1079 1143 1249 1228 tertiam

198 1311 389 1382 attenua.

252 1448 382 1533 Dosis
403 1451 596 1535 r-Glob.
615 1450 657 1560 ij.
680 1449 816 1535 tertiae
839 1445 1153 1532 attenuationis.

555 1631 662 1698 NUX
685 1629 887 1698 VOMICA.

384 1764 642 1876 (Strychnos
660 1765 762 1848 Nux
779 1763 961 1848 Vomica
978 1763 1059 1874 L.)

498 1944 632 2026 Triginta
647 1944 860 2006 attenuationes
874 1923 957 2024 (X).

255 2091 577 2201 Quinquaginta
604 2115 735 2200 grana
765 2089 973 2173 seminum
1002 2088 1135 2172 Nucis
1154 2088 1246 2172 Vo-

197 2244 320 2325 micae
338 2241 381 2324 in
400 2239 601 2323 mortario
621 2265 857 2321 marmoreo
878 2249 1050 2321 tenuem
1079 2238 1123 2320 in
1151 2242 1247 2348 pul-

197 2417 345 2474 verem
379 2390 648 2472 redactorum
681 2415 777 2469 cum
810 2386 925 2470 mille
951 2386 1129 2498 Spiritus
1148 2388 1250 2471 Vini

198 2539 332 2652 guttis
350 2538 495 2636 misce,
519 2549 562 2619 et
583 2534 672 2619 sine
692 2536 831 2619 calore
850 2563 927 2646 per
937 2536 1250 2622 hebdomadem

200 2717 375 2802 sepone.

257 2841 401 2952 Hujus
419 2851 585 2950 guttam
612 2865 739 2920 unam
768 2866 865 2921 cum
885 2839 1125 2949 quingentis
1153 2837 1247 2950 Spi-

199 2995 306 3076 ritus
320 2990 422 3074 Vini
442 2989 573 3099 guttis
587 2989 730 3071 misce.
791 2989 891 3072 Hoc
908 2991 1138 3073 secundam
1153 3017 1250 3074 con-

200 3143 338 3227 stituit
358 3141 705 3226 attenuationem.
765 3137 881 3220 Dein
916 3137 972 3220 ad
1003 3137 1251 3222 dilutionem

199 3294 461 3403 trigesimam
481 3303 668 3375 attenua.
1123 3405 1125 3410 Ι

255 3443 311 3525 Ν.
329 3443 381 3524 Β.
414 3442 751 3525 Hahnemannus
784 3467 920 3550 nuper
949 3440 1083 3523 voluit
1115 3454 1163 3523 ut
1197 3442 1253 3524 ad

200 3595 284 3676 hoc
303 3593 536 3677 remedium
557 3591 834 3676 obtinendum
859 3591 975 3674 idem
994 3592 1145 3676 modus
1166 3620 1252 3701 quo

200 3744 244 3826 in
261 3742 524 3852 antipsoricis
544 3740 735 3825 adhiberi
746 3742 915 3826 debeat.

258 3894 391 3977 Dosis
405 3891 604 3976 z-Glob.
626 3889 670 4001 ij.
694 3891 921 4001 trigesimae
950 3892 1252 3976 attenuationis

201 4046 246 4129 in
263 4043 477 4156 plerisque
497 4041 672 4142 morbis,
702 4053 744 4126 et
771 4068 866 4123 raro
888 4040 1058 4152 quidem
1078 4040 1252 4123 decimae

204 4197 377 4306 quintae,
400 4189 752 4302 duodevigesima
771 4185 1060 4299 velvigesimao
1075 4201 1248 4301 quartae.
