3084 5040
305 348 362 421 34
656 371 1008 428 cananaeorum

306 533 560 616 tricesimam
590 537 940 634 attenuationem,
974 565 1069 645 quae
1100 537 1147 618 X
1163 549 1351 637 notatur,

305 708 421 788 Para·
563 790 564 793 a

362 831 495 914 Dosis
512 833 710 917 :—Glob.
738 835 782 943 ij.
816 836 1118 919 attenuationis
1147 834 1351 917 duodevi-

306 979 491 1086 gesirnae,
514 983 583 1064 vel
600 981 813 1088 vigesimae
829 996 1005 1091 quartae,
1027 985 1097 1067 vel
1115 983 1348 1066 tricesimae.

307 1127 494 1236 AEgroti,
517 1129 589 1238 qui
608 1131 806 1214 facillime
826 1133 964 1214 Acido
984 1132 1150 1216 Nitrico
1166 1132 1355 1214 afficiun-

305 1288 386 1376 tur,
396 1279 654 1387 trigesimam
666 1251 1183 1366 tamum'attenuationem
1195 1283 1349 1364 ferunt.

360 1429 721 1514 Duratio:—Hoc
739 1434 972 1518 remedium
989 1461 1100 1542 saepe
1119 1433 1230 1515 ultra
1245 1459 1350 1540 qua·

305 1577 502 1688 draginta
513 1579 602 1662 dies
615 1581 766 1664 efficax
778 1595 855 1666 est.

361 1727 593 1812 Antidotus
609 1730 927 1840 1-Camph0ra.

520 1910 714 1978 ACIDUM
737 1913 1137 1980 PHOSPHORICUM.

593 2056 712 2116 Novem
723 2058 935 2120 attenuationes
949 2039 1058 2136 (ΙΙΙ).

359 2184 501 2270 Librae
518 2185 591 2268 uni
624 2184 782 2268 ossium
814 2187 1116 2272 calcinatorum
1151 2198 1280 2295 atque
1307 2188 1352 2270 in

303 2339 438 2419 frusta
455 2362 586 2443 parva
615 2333 970 2427 comminutorum
996 2337 1041 2419 in
1065 2338 1349 2446 vase'poreel·

303 2488 402 2574 lano
423 2485 619 2570 confecto
638 2483 747 2566 libra
761 2512 846 2566 una
864 2484 991 2566 Acidi
1011 2484 1248 2594 Sulphurici
1267 2487 1352 2582 for·

303 2635 454 2718 tissimi
468 2632 726 2731 adfunditur,
746 2660 840 2739 quae
854 2633 1037 2716 mixtura
1049 2633 1230 2743 primmn
1242 2635 1353 2720 intra

302 2783 661 2893 vigintiquatuor
689 2782 814 2865 horas
842 2780 985 2866 bacilli
1012 2784 1135 2866 vitrei
1153 2811 1235 2892 ope
1252 2786 1348 2893 plu·

224 3013 227 3018 .
304 2935 388 3017 ries
407 2943 611 3032 uersatur,
640 2931 792 3014 deinde
813 2959 914 3015 vero
933 2931 1098 3015 duabus
1118 2958 1214 3014 cum
1233 2932 1350 3015 libris

307 3083 492 3193 Spiritus.
505 3081 609 3164 Vini
627 3080 778 3190 optimi
791 3082 923 3164 mixta
938 3093 1066 3191 atque
1087 3092 1350 3174 attenuatae

304 3263 429 3318 saeco
449 3234 598 3332 linteo,
622 3259 707 3340 quo
725 3233 968 3342 recipienda
994 3246 1075 3336 est,
1106 3235 1217 3317 inter
1244 3234 1349 3316 duas

303 3383 470 3466 tabulas
483 3380 656 3490 politas,
673 3383 836 3488 magnis
851 3382 1107 3490 ponderibus
1122 3381 1347 3490 impositis,

301 3530 558 3641 exprimitur.
619 3529 748 3626 Quod
774 3544 964 3614 remanet
992 3533 1036 3613 in
1063 3559 1188 3614 sacco
1209 3533 1349 3615 denuo

300 3680 468 3764 ¹duabus
490 3676 669 3786 Spiritus
680 3677 782 3759 Vini
795 3679 913 3762 libris
933 3680 1238 3763 attenuandum
1253 3692 1318 3762 est
1339 3709 1350 3770 ;

302 3830 418 3940 quod
434 3855 536 3912 vero
555 3827 654 3912 inde
669 3828 930 3936 exprimitur,
950 3828 1081 3937 priori
1099 3828 1254 3937 liquori
1273 3829 1349 3911 ad-

298 3983 439 4064 fusum
458 4006 537 4086 per
556 3977 718 4085 aliquot
739 3978 828 4060 dies
847 3990 1093 4087 reponatm·,
1121 3991 1169 4061 ut
1189 3979 1349 4062 clarum

300 4143 344 4214 et
361 4127 582 4236 limpidum
601 4128 688 4208 fiat.
748 4127 899 4208 Omnis
919 4129 980 4210 ita
996 4128 1170 4212 faecibus
1190 4155 1345 4236 purga·
