<?xml version="1.0" encoding="UTF-8"?>
<!DOCTYPE html PUBLIC "-//W3C//DTD XHTML 1.0 Transitional//EN"
    "http://www.w3.org/TR/xhtml1/DTD/xhtml1-transitional.dtd">
<html xmlns="http://www.w3.org/1999/xhtml" xml:lang="en" lang="en">
 <head>
  <title>
</title>
<meta http-equiv="Content-Type" content="text/html;charset=utf-8" />
  <meta name='ocr-system' content='tesseract 3.04.00' />
  <meta name='ocr-capabilities' content='ocr_page ocr_carea ocr_par ocr_line ocrx_word'/>
</head>
<body>
  <div class='ocr_page' id='page_1' title='image "./pharmacopoeiaho00quingoog_0057.png"; bbox 0 0 3084 5040; ppageno 0'>
   <div class='ocr_carea' id='block_1_1' title="bbox 303 381 1001 454">
    <p class='ocr_par' dir='ltr' id='par_1_1' title="bbox 303 381 1001 454">
     <span class='ocr_line' id='line_1_1' title="bbox 303 381 1001 454; baseline -0.001 0"><span class='ocrx_word' id='word_1_1' title='bbox 303 381 356 454; x_wconf 70' lang='lat'>22</span> <span class='ocrx_word' id='word_1_2' title='bbox 654 401 1001 454; x_wconf 75' lang='lat' dir='ltr'>rusuuscoeorm</span> 
     </span>
    </p>
   </div>
   <div class='ocr_carea' id='block_1_2' title="bbox 301 535 1347 1403">
    <p class='ocr_par' dir='ltr' id='par_1_2' title="bbox 301 535 1347 1403">
     <span class='ocr_line' id='line_1_2' title="bbox 303 535 1347 677; baseline -0.002 -29"><span class='ocrx_word' id='word_1_3' title='bbox 303 567 428 649; x_wconf 74' lang='lat' dir='ltr'>mers</span> <span class='ocrx_word' id='word_1_4' title='bbox 448 567 508 668; x_wconf 91' lang='lat'>11,</span> <span class='ocrx_word' id='word_1_5' title='bbox 534 535 983 677; x_wconf 66' lang='lat' dir='ltr'>(pars&#39;mnronesrma)</span> <span class='ocrx_word' id='word_1_6' title='bbox 1005 567 1087 669; x_wconf 89' lang='lat'>111,</span> <span class='ocrx_word' id='word_1_7' title='bbox 1121 573 1232 677; x_wconf 74' lang='lat' dir='ltr'>(pars</span> <span class='ocrx_word' id='word_1_8' title='bbox 1263 566 1347 647; x_wconf 78' lang='lat' dir='ltr'>au.</span> 
     </span>
     <span class='ocr_line' id='line_1_3' title="bbox 302 717 1346 828; baseline 0 -31"><span class='ocrx_word' id='word_1_9' title='bbox 302 717 536 820; x_wconf 88' lang='lat' dir='ltr'>lionesima)</span> <span class='ocrx_word' id='word_1_10' title='bbox 557 717 636 818; x_wconf 89' lang='lat' dir='ltr'>IV,</span> <span class='ocrx_word' id='word_1_11' title='bbox 658 719 715 820; x_wconf 88' lang='lat' dir='ltr'>V,</span> <span class='ocrx_word' id='word_1_12' title='bbox 738 732 783 800; x_wconf 90' lang='lat' dir='ltr'>et</span> <span class='ocrx_word' id='word_1_13' title='bbox 815 720 876 800; x_wconf 89' lang='lat' dir='ltr'>ita</span> <span class='ocrx_word' id='word_1_14' title='bbox 911 719 1112 828; x_wconf 80' lang='lat' dir='ltr'>deinceps</span> <span class='ocrx_word' id='word_1_15' title='bbox 1139 717 1346 823; x_wconf 78' lang='lat' dir='ltr'>insignita</span> 
     </span>
     <span class='ocr_line' id='line_1_4' title="bbox 304 870 1347 976; baseline -0.002 -26"><span class='ocrx_word' id='word_1_16' title='bbox 304 881 416 969; x_wconf 91' lang='lat' dir='ltr'>suut,</span> <span class='ocrx_word' id='word_1_17' title='bbox 439 870 646 970; x_wconf 84' lang='lat' dir='ltr'>adhiberi,</span> <span class='ocrx_word' id='word_1_18' title='bbox 673 871 837 976; x_wconf 86' lang='lat' dir='ltr'>lagenae</span> <span class='ocrx_word' id='word_1_19' title='bbox 853 896 971 970; x_wconf 90' lang='lat' dir='ltr'>vero,</span> <span class='ocrx_word' id='word_1_20' title='bbox 994 895 1265 951; x_wconf 88' lang='lat' dir='ltr'>numerorum</span> <span class='ocrx_word' id='word_1_21' title='bbox 1283 895 1347 949; x_wconf 84' lang='lat' dir='ltr'>ra·</span> 
     </span>
     <span class='ocr_line' id='line_1_5' title="bbox 302 1018 1347 1128; baseline -0.001 -27"><span class='ocrx_word' id='word_1_22' title='bbox 302 1020 418 1101; x_wconf 89' lang='lat' dir='ltr'>tione</span> <span class='ocrx_word' id='word_1_23' title='bbox 437 1021 586 1103; x_wconf 78' lang='lat' dir='ltr'>habita</span> <span class='ocrx_word' id='word_1_24' title='bbox 604 1021 685 1102; x_wconf 92' lang='lat' dir='ltr'>illis</span> <span class='ocrx_word' id='word_1_25' title='bbox 701 1020 974 1128; x_wconf 76' lang='lat' dir='ltr'>interpositae,</span> <span class='ocrx_word' id='word_1_26' title='bbox 998 1019 1170 1101; x_wconf 86' lang='lat' dir='ltr'>scatulis</span> <span class='ocrx_word' id='word_1_27' title='bbox 1183 1019 1255 1100; x_wconf 84' lang='lat' dir='ltr'>vel</span> <span class='ocrx_word' id='word_1_28' title='bbox 1266 1018 1347 1100; x_wconf 88' lang='lat' dir='ltr'>cis-</span> 
     </span>
     <span class='ocr_line' id='line_1_6' title="bbox 301 1169 1342 1278; baseline -0.002 -26"><span class='ocrx_word' id='word_1_29' title='bbox 301 1171 417 1268; x_wconf 90' lang='lat' dir='ltr'>tulis,</span> <span class='ocrx_word' id='word_1_30' title='bbox 440 1171 594 1278; x_wconf 90' lang='lat' dir='ltr'>quibus</span> <span class='ocrx_word' id='word_1_31' title='bbox 614 1171 734 1278; x_wconf 86' lang='lat' dir='ltr'>signa</span> <span class='ocrx_word' id='word_1_32' title='bbox 752 1171 989 1251; x_wconf 87' lang='lat' dir='ltr'>necessaria</span> <span class='ocrx_word' id='word_1_33' title='bbox 1010 1180 1106 1252; x_wconf 89' lang='lat' dir='ltr'>sunt</span> <span class='ocrx_word' id='word_1_34' title='bbox 1124 1169 1342 1278; x_wconf 89' lang='lat' dir='ltr'>inscripta,</span> 
     </span>
     <span class='ocr_line' id='line_1_7' title="bbox 303 1321 676 1403; baseline -0.003 -1"><span class='ocrx_word' id='word_1_35' title='bbox 303 1322 476 1402; x_wconf 81' lang='lat' dir='ltr'>recondi</span> <span class='ocrx_word' id='word_1_36' title='bbox 496 1321 648 1403; x_wconf 89' lang='lat' dir='ltr'>solent.</span> <span class='ocrx_word' id='word_1_37' title='bbox 674 1339 676 1344; x_wconf 81' lang='grc'><em>’</em></span> 
     </span>
    </p>
   </div>
   <div class='ocr_carea' id='block_1_3' title="bbox 375 1611 1272 1816">
    <p class='ocr_par' dir='ltr' id='par_1_3' title="bbox 375 1611 1272 1816">
     <span class='ocr_line' id='line_1_8' title="bbox 375 1611 1272 1667; baseline -0.003 -1"><span class='ocrx_word' id='word_1_38' title='bbox 375 1613 433 1666; x_wconf 85' lang='lat' dir='ltr'>DE</span> <span class='ocrx_word' id='word_1_39' title='bbox 454 1612 779 1667; x_wconf 86' lang='lat' dir='ltr'><strong>CONSERVANDIS</strong></span> <span class='ocrx_word' id='word_1_40' title='bbox 800 1611 1132 1665; x_wconf 80' lang='lat' dir='ltr'><strong>MEDICAMENTIS</strong></span> <span class='ocrx_word' id='word_1_41' title='bbox 1162 1611 1272 1664; x_wconf 73' lang='lat' dir='ltr'>Pulu-</span> 
     </span>
     <span class='ocr_line' id='line_1_9' title="bbox 721 1762 911 1816; baseline -0.011 0"><span class='ocrx_word' id='word_1_42' title='bbox 721 1762 911 1816; x_wconf 82' lang='lat' dir='ltr'><strong>PARATIS.</strong></span> 
     </span>
    </p>
   </div>
   <div class='ocr_carea' id='block_1_4' title="bbox 296 1925 1348 4296">
    <p class='ocr_par' dir='ltr' id='par_1_4' title="bbox 297 1925 1348 3089">
     <span class='ocr_line' id='line_1_10' title="bbox 356 1925 1348 2036; baseline -0.001 -30"><span class='ocrx_word' id='word_1_43' title='bbox 356 1925 549 2007; x_wconf 88' lang='lat' dir='ltr'>Plurimis</span> <span class='ocrx_word' id='word_1_44' title='bbox 589 1928 728 2010; x_wconf 90' lang='lat' dir='ltr'>causis</span> <span class='ocrx_word' id='word_1_45' title='bbox 772 1928 963 2010; x_wconf 88' lang='lat' dir='ltr'>remedia</span> <span class='ocrx_word' id='word_1_46' title='bbox 995 1939 1146 2036; x_wconf 88' lang='lat' dir='ltr'>parata</span> <span class='ocrx_word' id='word_1_47' title='bbox 1183 1925 1348 2007; x_wconf 71' lang='lat' dir='ltr'>summb</span> 
     </span>
     <span class='ocr_line' id='line_1_11' title="bbox 300 2077 1347 2178; baseline -0.003 -19"><span class='ocrx_word' id='word_1_48' title='bbox 300 2080 403 2159; x_wconf 66' lang='lat' dir='ltr'>cura</span> <span class='ocrx_word' id='word_1_49' title='bbox 419 2080 673 2162; x_wconf 61' lang='lat' dir='ltr'>‘asservanda</span> <span class='ocrx_word' id='word_1_50' title='bbox 690 2091 799 2161; x_wconf 92' lang='lat' dir='ltr'>sunt.</span> <span class='ocrx_word' id='word_1_51' title='bbox 840 2079 963 2178; x_wconf 88' lang='lat' dir='ltr'>Cum,</span> <span class='ocrx_word' id='word_1_52' title='bbox 982 2090 1030 2160; x_wconf 92' lang='lat' dir='ltr'>ut</span> <span class='ocrx_word' id='word_1_53' title='bbox 1046 2089 1172 2160; x_wconf 88' lang='lat' dir='ltr'>antea</span> <span class='ocrx_word' id='word_1_54' title='bbox 1186 2077 1347 2157; x_wconf 88' lang='lat' dir='ltr'>dictum</span> 
     </span>
     <span class='ocr_line' id='line_1_12' title="bbox 301 2226 1346 2336; baseline -0.001 -28"><span class='ocrx_word' id='word_1_55' title='bbox 301 2241 382 2328; x_wconf 89' lang='lat' dir='ltr'>est,</span> <span class='ocrx_word' id='word_1_56' title='bbox 396 2231 440 2310; x_wconf 93' lang='lat' dir='ltr'>in</span> <span class='ocrx_word' id='word_1_57' title='bbox 453 2229 629 2310; x_wconf 87' lang='lat' dir='ltr'>officinis</span> <span class='ocrx_word' id='word_1_58' title='bbox 648 2255 826 2335; x_wconf 87' lang='lat' dir='ltr'>vapores</span> <span class='ocrx_word' id='word_1_59' title='bbox 846 2255 1069 2336; x_wconf 80' lang='lat' dir='ltr'>corporum</span> <span class='ocrx_word' id='word_1_60' title='bbox 1087 2226 1346 2308; x_wconf 90' lang='lat' dir='ltr'>medicorum</span> 
     </span>
     <span class='ocr_line' id='line_1_13' title="bbox 299 2376 1346 2485; baseline 0.001 -27"><span class='ocrx_word' id='word_1_61' title='bbox 299 2378 423 2460; x_wconf 89' lang='lat' dir='ltr'>vitari</span> <span class='ocrx_word' id='word_1_62' title='bbox 441 2391 673 2485; x_wconf 84' lang='lat' dir='ltr'>nequeant,</span> <span class='ocrx_word' id='word_1_63' title='bbox 698 2391 825 2485; x_wconf 88' lang='lat' dir='ltr'>atque</span> <span class='ocrx_word' id='word_1_64' title='bbox 840 2379 951 2459; x_wconf 89' lang='lat' dir='ltr'>vires</span> <span class='ocrx_word' id='word_1_65' title='bbox 966 2376 1249 2458; x_wconf 87' lang='lat' dir='ltr'>remediorum</span> <span class='ocrx_word' id='word_1_66' title='bbox 1266 2378 1346 2459; x_wconf 91' lang='lat' dir='ltr'>ho-</span> 
     </span>
     <span class='ocr_line' id='line_1_14' title="bbox 299 2527 1344 2638; baseline 0.003 -32"><span class='ocrx_word' id='word_1_67' title='bbox 299 2527 690 2634; x_wconf 87' lang='lat' dir='ltr'>moeopathicorum,</span> <span class='ocrx_word' id='word_1_68' title='bbox 714 2529 831 2636; x_wconf 94' lang='lat' dir='ltr'>quod</span> <span class='ocrx_word' id='word_1_69' title='bbox 846 2530 1057 2638; x_wconf 85' lang='lat' dir='ltr'>praecipue</span> <span class='ocrx_word' id='word_1_70' title='bbox 1072 2529 1187 2611; x_wconf 88' lang='lat' dir='ltr'>valet</span> <span class='ocrx_word' id='word_1_71' title='bbox 1202 2528 1257 2610; x_wconf 91' lang='lat' dir='ltr'>de</span> <span class='ocrx_word' id='word_1_72' title='bbox 1276 2554 1344 2611; x_wconf 90' lang='lat' dir='ltr'>eo·</span> 
     </span>
     <span class='ocr_line' id='line_1_15' title="bbox 299 2677 1344 2779; baseline 0.002 -20"><span class='ocrx_word' id='word_1_73' title='bbox 299 2705 393 2760; x_wconf 91' lang='lat' dir='ltr'>rum</span> <span class='ocrx_word' id='word_1_74' title='bbox 409 2677 787 2779; x_wconf 58' lang='lat' dir='ltr'>attenuationibus</span> <span class='ocrx_word' id='word_1_75' title='bbox 806 2681 904 2761; x_wconf 91' lang='lat' dir='ltr'>inde</span> <span class='ocrx_word' id='word_1_76' title='bbox 922 2679 1157 2762; x_wconf 85' lang='lat' dir='ltr'>alienentur</span> <span class='ocrx_word' id='word_1_77' title='bbox 1169 2705 1344 2762; x_wconf 88' lang='lat' dir='ltr'>necesse</span> 
     </span>
     <span class='ocr_line' id='line_1_16' title="bbox 300 2828 1346 2938; baseline -0.001 -26"><span class='ocrx_word' id='word_1_78' title='bbox 300 2831 370 2930; x_wconf 88' lang='lat' dir='ltr'>sit,</span> <span class='ocrx_word' id='word_1_79' title='bbox 393 2856 480 2910; x_wconf 91' lang='lat' dir='ltr'>uon</span> <span class='ocrx_word' id='word_1_80' title='bbox 498 2829 579 2919; x_wconf 90' lang='lat' dir='ltr'>nisi</span> <span class='ocrx_word' id='word_1_81' title='bbox 598 2828 641 2909; x_wconf 92' lang='lat' dir='ltr'>in</span> <span class='ocrx_word' id='word_1_82' title='bbox 663 2831 832 2911; x_wconf 75' lang='lat' dir='ltr'>camerb</span> <span class='ocrx_word' id='word_1_83' title='bbox 846 2829 1041 2937; x_wconf 69' lang='lat' dir='ltr'>sejunctb</span> <span class='ocrx_word' id='word_1_84' title='bbox 1054 2842 1182 2938; x_wconf 92' lang='lat' dir='ltr'>atque</span> <span class='ocrx_word' id='word_1_85' title='bbox 1202 2830 1346 2913; x_wconf 68' lang='lat' dir='ltr'>clausb</span> 
     </span>
     <span class='ocr_line' id='line_1_17' title="bbox 297 2980 1252 3089; baseline 0.001 -29"><span class='ocrx_word' id='word_1_86' title='bbox 297 2981 389 3061; x_wconf 90' lang='lat' dir='ltr'>haec</span> <span class='ocrx_word' id='word_1_87' title='bbox 410 2981 596 3062; x_wconf 89' lang='lat' dir='ltr'>remedia</span> <span class='ocrx_word' id='word_1_88' title='bbox 615 2981 717 3061; x_wconf 88' lang='lat' dir='ltr'>satis</span> <span class='ocrx_word' id='word_1_89' title='bbox 737 2980 849 3062; x_wconf 91' lang='lat' dir='ltr'>bene</span> <span class='ocrx_word' id='word_1_90' title='bbox 868 2993 1047 3089; x_wconf 82' lang='lat' dir='ltr'>possunt</span> <span class='ocrx_word' id='word_1_91' title='bbox 1066 2981 1252 3063; x_wconf 88' lang='lat' dir='ltr'>recondi.</span> 
     </span>
    </p>

    <p class='ocr_par' dir='ltr' id='par_1_5' title="bbox 296 3130 1345 4296">
     <span class='ocr_line' id='line_1_18' title="bbox 353 3130 1339 3213; baseline -0.001 -1"><span class='ocrx_word' id='word_1_92' title='bbox 353 3131 681 3213; x_wconf 88' lang='lat' dir='ltr'>Attenuationes</span> <span class='ocrx_word' id='word_1_93' title='bbox 715 3142 888 3212; x_wconf 89' lang='lat' dir='ltr'>remotae</span> <span class='ocrx_word' id='word_1_94' title='bbox 924 3130 976 3213; x_wconf 89' lang='lat' dir='ltr'>ab</span> <span class='ocrx_word' id='word_1_95' title='bbox 1015 3130 1208 3213; x_wconf 79' lang='lat' dir='ltr'>tincturis</span> <span class='ocrx_word' id='word_1_96' title='bbox 1239 3158 1339 3212; x_wconf 89' lang='lat' dir='ltr'>con·</span> 
     </span>
     <span class='ocr_line' id='line_1_19' title="bbox 299 3281 1339 3366; baseline -0.004 0"><span class='ocrx_word' id='word_1_97' title='bbox 299 3283 499 3366; x_wconf 87' lang='lat' dir='ltr'>centratis</span> <span class='ocrx_word' id='word_1_98' title='bbox 544 3281 587 3364; x_wconf 89' lang='lat' dir='ltr'>in</span> <span class='ocrx_word' id='word_1_99' title='bbox 622 3281 704 3364; x_wconf 86' lang='lat' dir='ltr'>alio</span> <span class='ocrx_word' id='word_1_100' title='bbox 737 3281 932 3363; x_wconf 86' lang='lat' dir='ltr'>cubiculo</span> <span class='ocrx_word' id='word_1_101' title='bbox 969 3282 1126 3365; x_wconf 90' lang='lat' dir='ltr'>servari</span> <span class='ocrx_word' id='word_1_102' title='bbox 1168 3281 1339 3364; x_wconf 89' lang='lat' dir='ltr'>debent.</span> 
     </span>
     <span class='ocr_line' id='line_1_20' title="bbox 300 3430 1344 3538; baseline 0 -24"><span class='ocrx_word' id='word_1_103' title='bbox 300 3432 405 3514; x_wconf 88' lang='lat' dir='ltr'>Cum</span> <span class='ocrx_word' id='word_1_104' title='bbox 416 3430 526 3510; x_wconf 91' lang='lat' dir='ltr'>enim</span> <span class='ocrx_word' id='word_1_105' title='bbox 534 3431 747 3538; x_wconf 85' lang='lat' dir='ltr'>pleraeque</span> <span class='ocrx_word' id='word_1_106' title='bbox 763 3432 955 3513; x_wconf 88' lang='lat' dir='ltr'>tincturae</span> <span class='ocrx_word' id='word_1_107' title='bbox 970 3444 1270 3533; x_wconf 87' lang='lat' dir='ltr'>concentratae,</span> <span class='ocrx_word' id='word_1_108' title='bbox 1281 3433 1344 3513; x_wconf 92' lang='lat' dir='ltr'>uti</span> 
     </span>
     <span class='ocr_line' id='line_1_21' title="bbox 297 3581 1343 3692; baseline -0.003 -25"><span class='ocrx_word' id='word_1_109' title='bbox 297 3581 462 3667; x_wconf 89' lang='lat' dir='ltr'>moschi</span> <span class='ocrx_word' id='word_1_110' title='bbox 507 3593 550 3664; x_wconf 91' lang='lat' dir='ltr'>et</span> <span class='ocrx_word' id='word_1_111' title='bbox 594 3583 833 3691; x_wconf 74' lang='lat' dir='ltr'>camphorae</span> <span class='ocrx_word' id='word_1_112' title='bbox 865 3582 1126 3692; x_wconf 87' lang='lat' dir='ltr'>aliorumque</span> <span class='ocrx_word' id='word_1_113' title='bbox 1144 3581 1343 3664; x_wconf 81' lang='lat' dir='ltr'>&#39;medica-</span> 
     </span>
     <span class='ocr_line' id='line_1_22' title="bbox 300 3723 1341 3842; baseline 0 -27"><span class='ocrx_word' id='word_1_114' title='bbox 300 3744 553 3831; x_wconf 90' lang='lat' dir='ltr'>mentorum,</span> <span class='ocrx_word' id='word_1_115' title='bbox 577 3758 727 3840; x_wconf 82' lang='lat' dir='ltr'>graves</span> <span class='ocrx_word' id='word_1_116' title='bbox 758 3728 926 3815; x_wconf 87' lang='lat' dir='ltr'>abunde</span> <span class='ocrx_word' id='word_1_117' title='bbox 953 3745 1152 3842; x_wconf 86' lang='lat' dir='ltr'>spargant</span> <span class='ocrx_word' id='word_1_118' title='bbox 1173 3723 1341 3833; x_wconf 84' lang='lat' dir='ltr'>odores,</span> 
     </span>
     <span class='ocr_line' id='line_1_23' title="bbox 296 3883 1345 3991; baseline 0 -24"><span class='ocrx_word' id='word_1_119' title='bbox 296 3885 405 3967; x_wconf 88' lang='lat' dir='ltr'>vires</span> <span class='ocrx_word' id='word_1_120' title='bbox 424 3907 522 3965; x_wconf 89' lang='lat' dir='ltr'>suas</span> <span class='ocrx_word' id='word_1_121' title='bbox 536 3910 588 3965; x_wconf 84' lang='lat' dir='ltr'>ex</span> <span class='ocrx_word' id='word_1_122' title='bbox 606 3893 728 3991; x_wconf 87' lang='lat' dir='ltr'>parte</span> <span class='ocrx_word' id='word_1_123' title='bbox 744 3910 840 3964; x_wconf 90' lang='lat' dir='ltr'>cum</span> <span class='ocrx_word' id='word_1_124' title='bbox 855 3883 1216 3968; x_wconf 89' lang='lat' dir='ltr'>attenuationibus</span> <span class='ocrx_word' id='word_1_125' title='bbox 1229 3911 1345 3967; x_wconf 90' lang='lat' dir='ltr'>com-</span> 
     </span>
     <span class='ocr_line' id='line_1_24' title="bbox 296 4029 1342 4143; baseline -0.001 -25"><span class='ocrx_word' id='word_1_126' title='bbox 296 4029 585 4119; x_wconf 86' lang='lat' dir='ltr'>municabunt.</span> <span class='ocrx_word' id='word_1_127' title='bbox 645 4033 838 4115; x_wconf 86' lang='lat' dir='ltr'>Eandem</span> <span class='ocrx_word' id='word_1_128' title='bbox 858 4032 915 4117; x_wconf 96' lang='lat' dir='ltr'>ob</span> <span class='ocrx_word' id='word_1_129' title='bbox 937 4059 1108 4116; x_wconf 89' lang='lat' dir='ltr'>causam</span> <span class='ocrx_word' id='word_1_130' title='bbox 1121 4035 1342 4143; x_wconf 86' lang='lat' dir='ltr'>lagenulae,</span> 
     </span>
     <span class='ocr_line' id='line_1_25' title="bbox 297 4180 1344 4296; baseline -0.003 -26"><span class='ocrx_word' id='word_1_131' title='bbox 297 4186 450 4296; x_wconf 92' lang='lat' dir='ltr'>quibus</span> <span class='ocrx_word' id='word_1_132' title='bbox 470 4183 782 4268; x_wconf 85' lang='lat' dir='ltr'>attenuatioues</span> <span class='ocrx_word' id='word_1_133' title='bbox 802 4180 1086 4285; x_wconf 86' lang='lat' dir='ltr'>continentur,</span> <span class='ocrx_word' id='word_1_134' title='bbox 1116 4197 1344 4295; x_wconf 86' lang='lat' dir='ltr'>postquam</span> 
     </span>
    </p>
   </div>
   <div class='ocr_carea' id='block_1_5' title="bbox 0 0 1546 5040">
    <p class='ocr_par' dir='ltr' id='par_1_6' title="bbox 0 0 1546 5040">
     <span class='ocr_line' id='line_1_26' title="bbox 0 0 1546 5040; baseline 0 1"><span class='ocrx_word' id='word_1_135' title='bbox 0 0 1546 5040; x_wconf 95' lang='lat' dir='ltr'> </span> 
     </span>
    </p>
   </div>
  </div>
 </body>
</html>
