3058 5040
539 417 898 476 rroruorornrrrrcn.
1189 397 1241 483 91

256 580 640 692 Durat—Magna
680 586 806 668 doses
843 584 899 666 ad
937 592 1119 692 quatuor
1155 581 1243 662 fere

200 727 491 816 hebdomadas
510 737 703 816 efficaces
725 759 818 817 sese
834 741 1051 843 praestant.

258 877 488 965 Antidotus
503 882 828 993 z-Camphora.

406 1097 597 1168 LOLIUM
619 1099 977 1169 TEMULENTUM
1000 1099 1040 1166 L.

470 1267 646 1334 Quindecim
663 1270 877 1329 attenuationes
899 1249 978 1344 (V).

259 1421 443 1505 Suooum
471 1449 619 1505 reeens
645 1450 669 1505 e
698 1426 791 1506 tots
821 1424 971 1532 planta
1003 1447 1247 1531 expressum

200 1571 333 1678 aequis
356 1570 536 1679 Spiritus
555 1571 657 1654 Vini
674 1571 866 1681 partibus
886 1568 1125 1652 commisce.

257 1719 493 1801 Dos-GL
508 1717 553 1826 ij.
573 1719 918 1828 quintaedecimae
931 1719 1243 1801 attenuationis,

405 1950 745 2020 LYCOPERDON
769 1949 983 2020 BOVISTA
1005 1951 1046 2017 L.

494 2118 628 2196 Triginta
641 2119 853 2179 attenuationea
868 2101 954 2195 (X).

256 2262 478 2345 Pulverem
499 2259 816 2344 subtilissimum
836 2263 880 2344 in
898 2263 1056 2373 plantae
1074 2275 1249 2345 maturae

200 2412 403 2495 interiore
423 2425 543 2521 parte
567 2408 686 2518 (quae
705 2408 748 2490 in
770 2393 967 2518 Augusto
988 2421 1030 2493 et
1053 2409 1247 2521 Septem·

200 2561 280 2644 bre
295 2559 381 2668 legi
395 2557 549 2667 debet)
570 2570 660 2641 tere
681 2569 749 2676 ter
762 2586 858 2640 oum
875 2557 1086 2642 Saecharo
1105 2558 1250 2642 Laetis

196 2717 248 2793 'et
261 2718 435 2792 attenua
453 2707 581 2790 modo
600 2706 1007 2790 medicamentorum
1026 2706 1249 2818 antipsori·

204 2864 351 2942 eorum
367 2858 426 2942 ad
444 2857 703 2966 trigesimam
723 2855 983 2940 dilutionem.

259 3007 392 3092 Dosis
408 3004 610 3090 :-Glob.
627 3005 655 3086 i.
678 3017 752 3088 aut
770 3005 814 3114 ij.
837 3005 1063 3115 trigesimae
1086 3016 1252 3089 attenu-

205 3159 373 3242 ationis.

237 3285 241 3294 ’
260 3305 444 3389 Duratio
462 3304 614 3387 2-Per
633 3299 938 3413 quinquaginta
954 3301 1057 3385 dies.

129 3530 133 3541 ,
262 3455 494 3538 Antidotus
511 3450 835 3560 z-Camphora.
1119 3439 1121 3444 ’

343 3727 347 3734 .
398 3737 401 3744 ,
433 3618 437 3628 ’
480 3667 751 3738 rreoroon
775 3616 986 3736 romara}

407 3819 728 3929 (Lycopodium
747 3818 969 3901 Clavatum
988 3819 1060 3923 L.)

505 4015 640 4093 Triginta
653 4013 865 4074 attenuationes
881 3996 965 4090 (X).

267 4161 368 4243 Non
387 4186 481 4242 raro
502 4184 597 4239 cum
619 4155 709 4238 aliis
728 4156 900 4263 plantis,
923 4183 960 4238 e.
983 4183 1044 4264 gr.
1064 4183 1159 4238 oum
1176 4157 1253 4238 flo-
