3084 5040
537 353 898 408 irouuoenrrucn.
1183 321 1236 400 55

191 519 336 627 itaque
365 532 464 603 ante
492 497 681 604 mensern
712 509 904 619 Jimiu'm,
926 519 1071 600 evulsa
1097 514 1237 622 expri-

190 683 342 752 matur.

145 883 151 914 ‚-
248 821 375 904 Hanc
404 823 591 906 radicem
623 850 726 933 pars
754 849 890 930 usque
922 822 978 902 ad
1004 812 1232 901 attenuati-

191 999 319 1054 onem
330 973 589 1082 trigesimam
600 974 977 1083 modoplant'arum
988 969 1233 1051 recentium.

247 1125 378 1207 Dosis
391 1125 588 1208 :-Glob.
604 1128 631 1207 i.
644 1128 714 1211 vel
727 1125 770 1235 ij.
786 1123 1011 1232 trigesimae
1022 1122 1066 1202 in
1077 1117 1237 1201 morbis

142 1245 144 1250 ,
191 1272 315 1355 valde
335 1276 490 1373 acutis3
523 1275 567 1356 in
588 1275 796 1358 chronicis
808 1300 909 1357 vero
927 1271 1102 1354 decimae
1117 1268 1237 1376 quin-

192 1435 248 1506 tae
267 1426 336 1509 vel
354 1425 709 1534 duodevigesimus
730 1428 799 1510 vel
817 1424 1031 1550 vigesimae
1052 1408 1227 1529 quartae.

248 1576 431 1657 Duratio
446 1578 595 1659 2-Per
613 1578 718 1657 duas
737 1575 1040 1690 hebdomadas.

249 1724 575 1807 Antid.--Rhus
594 1725 810 1807 Rudicans
830 1734 959 1832 atque
977 1720 1234 1829 Camphora.

373 1984 615 2052 cnlnoun
638 1986 900 2053 snoulnun
924 1938 1059 2050 runs

466 2147 618 2250 (Arum
641 2148 871 2256 Seguiuum
889 2146 963 2251 L.)

486 2293 845 2416 Triginta'attenuationes
867 2319 947 2414 (X).

253 2481 430 2590 Hering,
447 2480 519 2589 qui
528 2481 640 2562 hanc
655 2481 846 2589 plantam
858 2482 1041 2589 primum
1056 2480 1098 2561 in
1113 2480 1242 2561 medi-

195 2643 438 2714 camentum
452 2631 634 2731 induxit,
649 2631 692 2711 in
707 2630 840 2738 pratis
855 2631 1070 2742 paludosis
1086 2625 1244 2712 ¹circum

194 2782 397 2890 oppidum
415 2779 686 2863 Parsmaribo
706 2780 877 2863 invenit.
909 2777 1104 2864 'Succum
1118 2780 1251 2864 valde.

196 2931 1245 3030 acidumeontinetcttumorem,inflammationem,

194 3082 482 3187 sermonisque
515 3079 795 3188 privationem
830 3082 1001 3164 conficit
1035 3082 1069 3162 si
1101 3081 1246 3188 linguzt

195 3243 408 3337 tangatur.
462 3231 685 3336 (Effectus,
703 3231 775 3337 qui
795 3229 1090 3312 describuntur
1104 3231 1148 3310 in
1164 3230 1249 3310 ΑΤ-

196 3379 328 3463 chivis
353 3379 581 3487 Homoeop.
607 3379 708 3462 Vol.
731 3380 787 3460 xi.
804 3380 889 3463 Nc.
907 3379 951 3480 2,
972 3409 1015 3488 p.
1045 3376 1140 3479 160,
1162 3381 1244 3460 &c

197 3530 279 3612 orti
303 3543 400 3611 sunt
422 3557 500 3639 per
521 3529 764 3629 tincturam,
784 3555 909 3637 pares
939 3529 1119 3638 Spiritus
1145 3525 1248 3612 Vini

195 3692 340 3789 partes
366 3691 410 3762 et
430 3681 625 3762 foliorum
654 3677 893 3787 radicisque
915 3706 1088 3761 succum
1109 3679 1245 3766 conti·

196 3833 403 3935 nentem.)

255 3980 299 4060 Si
324 3965 472 4089 plante
500 4006 649 4062 recens
681 3977 863 4061 obtineri
892 3983 1042 4089 possit,
1064 3987 1246 4067 eundern

197 4129 385 4229 modum,
422 4157 508 4238 quo
546 4128 661 4211 succi
694 4141 888 4212 recentes
919 4145 1136 4240 parantur,
1175 4163 1242 4218 se-
