3058 5040
571 379 929 434 uommomrurca.
1195 358 1271 432 141

217 542 486 646 commisce3
529 547 631 631 'dein
660 547 717 630 ad
752 543 1047 630 duodecimam
1074 553 1296 666 attenuu-¹

215 686 391 778 tionem
410 697 588 807 explica.

274 839 624 931 Dosisr-Glob.
660 847 705 958 ij.
740 861 871 952 sextae
906 850 978 934 vel
1012 846 1273 931 duodecimae

216 995 558 1106 attenuationis„

466 1215 658 1282 ZINCUM
686 1217 1028 1286 METALLICUM.

521 1369 656 1449 Triginta
670 1372 883 1432 attenuationes
897 1353 982 1452 (Χ).

280 1506 470 1588 Zineum
501 1506 720 1616 inlepide
758 1506 836 1590 sub
873 1509 986 1616 aquai
1019 1519 1138 1604 tere3
1187 1533 1273 1614 quo

218 1656 361 1758 facto,
376 1657 594 1767 pulverem
608 1657 838 1759 cinereum,
855 1658 929 1765 qui
943 1658 1116 1759 decidit,
1130 1657 1243 1740 sicea
1257 1691 1268 1756 3

220 1834 408 1915 granum
446 1804 572 1914 hujus
604 1806 789 1915 pulveris
829 1809 957 1892 modo
995 1808 1274 1892 remediorum

221 1957 581 2068 antipsorioorum
602 1957 658 2041 ad
676 1958 923 2042 dilutionem
942 1958 1200 2068 trigesimam
1214 1970 1273 2040 at-

221 2120 373 2195 tenua.

282 2259 416 2342 Dosis
433 2256 628 2340 r-Glob.
642 2256 686 2365 ij.
703 2257 1056 2366 duodevigesima
1076 2268 1270 2340 attenua·

223 2408 358 2492 tionis
375 2409 641 2518 plerumque,
660 2405 874 2515 vigesimae
893 2419 1054 2516 quartae
1083 2434 1183 2491 vero
1205 2406 1272 2491 vel

225 2559 459 2667 trigesimae
478 2555 646 2666 aegrotis
668 2556 741 2666 qui
759 2555 882 2638 facile
900 2556 1126 2641 irritantur.

287 2709 472 2793 Duratio
489 2707 634 2791 :-Per
663 2706 851 2814 triginta,
876 2707 947 2792 vel
976 2707 1272 2818 quadraginta,

226 2862 300 2946 vel
316 2861 461 2973 plures
481 2856 609 2941 etiam
629 2857 733 2940 dies.

287 3007 731 3117 Antid—Camphord
764 3021 807 3092 et
839 3008 1007 3117 Ignatii
1033 3036 1110 3118 per
1146 3009 1276 3094 breve

232 3175 400 3248 tantum
414 3172 581 3269 tempus
597 3172 898 3269 symptomata,
917 3188 1012 3268 quae
1027 3160 1162 3243 Zinoo
1179 3186 1273 3269 pro-

232 3325 386 3399 vocata
418 3322 533 3409 sunt,
551 3309 776 3392 leniuntur.
840 3308 998 3393 Melius
1024 3323 1088 3394 est
1127 3311 1278 3421 Hepar

235 3460 456 3572 Sulphuris
468 3456 641 3543 naribus
657 3459 894 3543 admovere.
945 3461 1104 3544 Vinum
1121 3472 1164 3543 et
1175 3461 1277 3542 Nux

233 3614 416 3701 Vomica
434 3612 542 3695 vires
563 3609 654 3718 ejus
675 3623 845 3718 augent.

629 3838 881 3906 ZINGIBER.

470 3983 717 4090 (Amomum
733 3982 937 4091 Zingiber
954 3984 1029 4089 L.)

292 4151 433 4233 Unam
452 4161 618 4257 partem
637 4149 807 4232 Amomi
838 4150 1078 4258 Zingiberis
1108 4153 1152 4235 in
1182 4155 1280 4264 pul-
