3058 5040
274 325 327 406 72
621 349 973 404 ennuntncoeuna

328 509 461 593 Dosis
479 513 673 597 z-Glob.
697 515 725 596 i.
748 527 821 597 aut
840 514 885 623 ij.
904 501 1128 622 trigesimae
1149 525 1316 597 attenu-

273 665 437 748 ationis.

504 787 508 794 ’
549 817 736 883 caoons
768 819 972 884 snmvus
1000 819 1040 884 u.

597 973 657 1032 Sex
671 975 883 1032 attenuationes
905 955 989 1051 (ll).
1128 1024 1132 1030 ,
1263 976 1271 994 ·

327 1096 484 1179 Melius
504 1111 569 1181 est
596 1100 795 1199 Crocum,
819 1101 892 1208 qui
919 1101 962 1180 in
990 1100 1123 1180 hoitis
1144 1099 1313 1198 erescit,

269 1273 356 1327 non
395 1249 612 1350 adhibere,
655 1253 755 1358 quia
791 1277 944 1358 pamas
982 1251 1092 1332 vires
1130 1249 1315 1334 medicas

268 1392 412 1477 habet.
487 1397 647 1480 Crocus
686 1398 915 1479 Orientalis
951 1399 1020 1480 vel
1058 1398 1221 1479 Crocus
1261 1398 1314 1477 de

270 1545 461 1629 Gatincis
481 1549 671 1631 adhiberi
690 1547 865 1645 debent,
890 1559 933 1632 et
954 1549 1090 1632 solum
1115 1547 1314 1653 stigmata

177 1702 180 1708 ’
268 1694 439 1777 siccata.

321 1843 516 1927 Eundem
533 1849 723 1947 modum,
746 1876 831 1956 quo
851 1850 904 1929 de
920 1846 1181 1956 antipsoricis
1200 1873 1311 1956 prae·

268 2004 438 2100 ceptum
458 2009 537 2093 est,
558 2023 748 2104 sequere.

319 2142 453 2226 Dosis
473 2145 666 2230 z-Glob.
689 2145 733 2253 ij.
758 2157 888 2228 sextae
909 2147 1224 2228 attenuationis.

154 2283 184 2346 '.
320 2289 690 2402 Antia-opium.
884 2381 888 2388 ,

522 2467 727 2534 CROTON
750 2469 981 2535 TYGLIUM
1006 2470 1046 2534 L.

534 2621 710 2687 Quindecim
725 2622 940 2680 attenuatione
961 2603 1042 2699 (V).

164 2748 169 2757 “
319 2749 434 2830 Parti
452 2749 525 2829 uni
544 2749 750 2830 seminum
765 2757 1039 2830 contusorum
1053 2749 1204 2856 viginti
1217 2777 1309 2857 par·

264 2911 330 2980 tes
363 2898 543 3007 Spiritus
573 2898 673 2978 Vini
709 2898 911 2996 adfunde‚
945 2908 988 2978 et
1022 2898 1185 3004 aliquot
1216 2897 1307 2981 die·

262 3049 342 3133 bus
361 3061 460 3159 post
479 3048 705 3129 tincturam
723 3046 920 3127 defunde.

320 3201 476 3282 Oleum
496 3197 692 3279 Crotonis
713 3197 865 3278 eodem
878 3197 1024 3295 modo,
1042 3197 1104 3277 uti
1123 3197 1309 3279 remedia

264 3347 535 3457 antipsorica,
556 3372 653 3426 cum
675 3345 886 3426 Saccharo
905 3346 1051 3426 Laetis
1067 3346 1121 3426 ad
1140 3346 1308 3427 tertiam

264 3495 598 3581 attenuationem
611 3492 739 3591 dilue,
756 3492 908 3573 deinde
924 3520 1020 3573 oum
1035 3491 1192 3600 Spiritu
1207 3491 1307 3572 Vini

262 3672 398 3754 usque
418 3645 473 3728 ad
493 3643 682 3752 quintam
702 3641 921 3723 decimam.

329 3827 332 3832 '
465 3823 671 3889 CUPRUM
698 3819 1028 3886 METALLICUM
1060 3820 1100 3883 L.

548 3976 683 4055 Triginta
696 3974 908 4033 attenuationes
935 3955 1015 4050 (X).

316 4109 505 4194 Granum
523 4102 649 4212 hujus
669 4099 830 4183 metalli
849 4126 979 4180 unum
1002 4098 1046 4180 in
1073 4099 1213 4206 lapide
1238 4110 1304 4182 te·
