3058 5040
267 327 347 399 110
630 348 977 403 rnnnnacoronn

265 514 547 621 cognoscitur,
569 516 799 624 pinguibus
825 517 1066 626 plantarum
1095 513 1199 598 oleis
1226 540 1314 594 non

265 689 359 744 esse
379 663 584 746 vitiatum.
616 666 870 747 Necessaria
889 663 980 772 ejus
999 661 1160 772 puritas
1179 661 1314 770 magis

267 812 395 894 etiam
429 827 620 923 apparet,
662 816 697 896 si
735 827 858 922 gutta
892 815 1047 896 chartae
1084 812 1313 923 scriptoriae

266 961 464 1071 adspersa
479 964 547 1045 vel
565 964 610 1044 in
630 967 728 1046 acre
748 963 883 1046 libero
902 965 972 1046 vel
988 963 1128 1047 calore
1141 963 1313 1045 admoto

265 1113 326 1193 ita
346 1113 576 1213 evanescit,
598 1114 783 1196 utnulla
804 1111 848 1194 in
871 1115 1020 1194 charta
1052 1112 1218 1195 macula
1248 1138 1315 1193 re-

265 1276 449 1345 maneat.
527 1237 704 1373 Duplerr
741 1263 918 1374 Spiritus
960 1263 1061 1345 Vini
1100 1262 1316 1373 quantitas

265 1414 364 1496 huic
397 1415 492 1498 oleo
532 1416 695 1516 adfusa,
732 1442 826 1523 quae
865 1415 1089 1522 aliquoties
1128 1441 1225 1496 cum
1261 1439 1314 1494 eo

268 1564 417 1672 agitari
436 1576 565 1672 atque
585 1565 738 1647 deinde
758 1591 841 1673 ope
863 1566 1020 1647 chartae
1038 1563 1196 1648 bibulae
1221 1563 1315 1674 Spi-

266 1716 349 1798 ritu
382 1716 484 1799 Vini
514 1717 763 1799 madefactae
787 1716 840 1800 ab
872 1745 924 1801 eo
952 1716 1137 1826 separari
1166 1716 1312 1817 debet,

267 1868 364 1950 olea
382 1867 624 1976 plantarum
639 1868 838 1969 aetherea,
862 1895 899 1950 e.
921 1895 983 1976 gr.
1007 1867 1163 1948 Oleum
1180 1867 1311 1948 Tere·

266 2017 485 2119 binthinae,
509 2018 697 2100 admixta
721 2018 880 2125 prodit,
903 2045 1016 2118 cum,
1039 2016 1150 2099 Oleo
1178 2016 1315 2100 Petrae

266 2167 311 2249 in
330 2169 477 2251 charta
490 2180 753 2269 remanente,
770 2165 950 2278 Spiritus
963 2166 1067 2250 Vini
1080 2166 1153 2248 illa
1171 2191 1316 2248 secum

270 2319 463 2428 abripiat.

326 2469 506 2551 Guttam
525 2468 617 2576 ejus
646 2496 743 2551 cum
767 2469 979 2553 Saccharo
1009 2468 1157 2552 Lactis
1192 2497 1310 2551 com·

268 2619 627 2703 mixtamterendo
636 2619 691 2701 ad
699 2619 1120 2703 dilutionemtertiam
1132 2620 1313 2727 explica,

156 2829 158 2836 .
270 2784 314 2853 et
342 2769 494 2851 deinde
522 2769 576 2851 ad
608 2768 855 2853 dilutionem
886 2769 1094 2853 decimam
1121 2781 1318 2853 octavam

271 2932 457 3004 attenua.

327 3072 482 3154 Dosis:
501 3121 557 3134 --
570 3071 698 3156 Glob.
728 3073 756 3154 i.
787 3074 857 3159 vel
886 3073 930 3184 ij.
963 3070 1318 3179 duodevigesima

271 3222 587 3307 attenuationis.

326 3372 509 3456 Duratio
523 3372 716 3455 :—Ultra
736 3372 1015 3482 quadraginta
1035 3371 1138 3454 dies.

326 3525 556 3607 Antidotus
569 3523 733 3607 :-Nux
750 3521 942 3607 Vomica.

593 3799 992 3867 PETROSELINUM.

486 3953 670 4064 (Apium
689 3954 996 4038 Petroselinum
1014 3954 1095 4065 L.)

325 4140 509 4226 Succum
529 4165 582 4222 ex
599 4138 682 4220 hac
710 4138 872 4247 planta,
902 4165 987 4247 quo
1017 4150 1208 4249 tempore
1239 4139 1318 4220 flo-
