3084 5040
544 407 900 462 nonoeornrnrca.
1189 383 1237 458 21

256 587 432 673 Numeri
456 591 528 700 qui
546 591 829 675 interveniunt
859 555 983 672 sunt:
1007 573 1053 694 ³1-
1083 586 1244 670 centies

198 741 494 825 millionesima
510 771 608 852 pars
636 744 703 826 vel
737 741 971 825 attenuatio
993 749 1166 847 quarta3
1193 738 1245 860 {-

200 884 341 967 decies
366 883 518 967 millies
551 883 845 968 millionesima
870 909 968 994 pars
998 883 1067 966 vel
1098 881 1245 988 quinta

202 1035 464 1132 attenuati03
489 1021 530 1142 ᾖ·
551 1033 841 1119 billionesimae
858 1033 992 1143 partis
1013 1031 1247 1114 centesima

200 1203 299 1286 pars
318 1177 387 1260 vel
405 1177 642 1261 attenuatio
663 1175 869 1296 septima3
890 1160 933 1280 ᾖ
954 1172 1245 1256 billionesimaa

202 1328 333 1438 partis
362 1328 505 1410 decies
541 1327 762 1410 millesima
790 1353 889 1436 pars
920 1327 989 1411 vel
1009 1322 1245 1408 attenuatio

204 1490 370 1580 octava,
394 1482 473 1560 &c
496 1479 574 1560 &a

260 1627 466 1710 Remedia
486 1627 615 1728 sicca,
630 1655 716 1710 non
729 1639 950 1712 attenuata
963 1627 1133 1712 nomine
1148 1640 1244 1710 tan·

203 1793 293 1863 tum
314 1780 546 1889 signantur,
582 1806 765 1875 cavero,
800 1807 893 1890 qua
921 1777 1013 1888 jam
1045 1777 1248 1863 saccharo

205 1932 327 2016 lactis
346 1943 444 2015 sunt
467 1931 673 2032 immixta,
706 1930 896 2014 similiter
914 1932 1085 2014 nomine
1106 1941 1150 2013 et
1168 1956 1247 2013 nu-

204 2081 347 2183 meris,
368 2082 431 2166 uti
449 2082 493 2166 in
512 2081 651 2165 fluidis
666 2083 796 2166 modo
817 2083 1048 2166 indicatum
1068 2093 1148 2179 est,
1170 2079 1249 2190 sig·

205 2257 307 2316 nare
320 2231 447 2333 solet,
472 2259 508 2314 e.
524 2259 585 2340 gr.
603 2231 785 2333 Aonun,
804 2232 1071 2328 Arroeuroru,
1092 2231 1248 2316 Pann-

206 2411 319 2484 ΝΛΜ,
361 2381 632 2486 Caccannsn
666 2381 977 2482 Canaourenn,
1020 2381 1249 2466 Srncnn.

209 2557 242 2635 1,
267 2557 301 2635 2,
325 2535 363 2636 I,
399 2521 546 2645 ·}-,-{·,
568 2538 628 2638 ΙΙ,
650 2548 733 2621 etc.

263 2683 394 2767 Varia
411 2683 602 2783 metalla,
623 2694 667 2767 et
687 2684 875 2794 oxydata
895 2697 939 2770 et
958 2685 1164 2795 regmina,
1193 2688 1254 2770 ita

209 2837 441 2944 signantur,
484 2846 532 2918 ut
565 2834 649 2918 illis
681 2860 839 2918 nornen
875 2833 1000 2936 acidi,
1036 2863 1122 2946 quo
1157 2849 1254 2920 sunt
1356 2947 1359 2952 Ι

208 2984 362 3080 soluta,
380 2983 614 3079 Aeolicam,
637 2983 933 3086 Mar-iaticum,
956 2986 1054 3088 &c.,
1067 2986 1135 3070 his
1154 3015 1256 3072 vero

209 3161 292 3218 vox
312 3134 578 3216 Metalliccm
594 3133 789 3234 addatur,
812 3160 848 3215 e.
867 3162 929 3242 gr.
953 3135 1142 3220 Fannou
1159 3136 1256 3222 Me·

208 3313 441 3386 rannrcuu,
477 3285 665 3369 Pannona
694 3285 922 3370 Accsrcun
942 3286 1011 3369 vel
1031 3286 1258 3372 Manna-1·

211 3466 315 3521 cun.

270 3588 591 3700 Signaproinde
604 3588 774 3710 embolo
786 3590 949 3699 lagenae
964 3605 1093 3701 atque
1103 3594 1259 3678 chartae

210 3740 310 3823 huic
328 3740 415 3850 ipsi¹
428 3741 589 3848 glutine
610 3743 744 3822 affixae
760 3740 1052 3826 inscribantur.

270 3891 330 3976 Ut
359 3893 403 3973 in
432 3917 556 3974 usum
591 3904 635 3974 et
666 3891 1009 3976 exercitationem
1040 3897 1260 3981 medicinae

214 4043 392 4152 simplex
413 4042 607 4150 quaedam
626 4053 669 4124 et
691 4039 908 4150 aequabilis
939 4044 1047 4125 ratio
1074 4044 1259 4132 introdu-¹

214 4205 350 4294 catur,
374 4219 435 4276 eae
454 4204 619 4278 tantum
638 4194 815 4302 lagenae,
850 4220 944 4301 quae
976 4191 1150 4304 integris
1184 4225 1263 4282 nu-
