3058 5040
521 350 878 418 uoumoraruron.
1149 319 1227 396 125

189 520 314 602 misce
336 531 379 602 et
398 545 475 628 per
493 546 569 602 sex
587 519 677 618 dies
704 542 891 625 sepone:
925 513 1024 596 dein
1054 511 1108 592 ad
1134 535 1228 592 sex-

188 678 276 747 tam
295 669 628 751 attenuationem
648 666 826 775 explica.

242 816 374 899 Dosis
391 817 584 900 :—Glob.
606 817 651 925 ij.
674 816 810 898 tertiae
824 815 894 896 vel
912 824 1043 895 sextae
1062 819 1229 892 attenu-

190 966 353 1048 ationis

243 1114 474 1199 Antidotus
491 1115 775 1199 :-—Interdum
795 1091 1089 1197 Chamomillas

636 1332 787 1399 SEPIA.

300 1470 483 1578 (Suocus
504 1467 667 1576 Sepiae3
704 1467 832 1576 Sepia
847 1465 1112 1574 Octopoda.)

477 1638 610 1716 Triginta
623 1637 835 1696 attenuationes
850 1618 931 1711 (X).

247 1760 409 1841 Suoeus
428 1758 472 1838 in
496 1754 721 1838 abdomine
744 1753 880 1862 Sepiae
901 1753 1140 1863 Oetopodae
1159 1781 1232 1838 ve·

189 1909 278 1990 sica
297 1905 548 1988 continetur.

244 2059 437 2139 Granum
457 2054 601 2162 Sepia*
615 2054 658 2134 in
674 2053 893 2161 pulverem
907 2050 1125 2134 redactum
1139 2081 1235 2134 eum

191 2206 406 2289 Saeoharo
431 2203 578 2285 Laetis
599 2201 889 2302 commixtum,
912 2200 966 2280 ad
985 2201 1234 2285 dilutionem

187 2354 361 2438 tertiam
380 2352 561 2460 explica,
579 2362 708 2458 atque
730 2349 881 2431 eodem
899 2350 1042 2452 modo,
1066 2377 1151 2458 quo
1170 2378 1236 2433 re-

187 2506 308 2613 liqua
325 2501 510 2584 remedia
536 2495 792 2609 antipsoriea
820 2510 958 2581 tracta
986 2500 1042 2581 ad
1071 2500 1236 2608 trigesi-

190 2690 307 2746 mam
326 2659 588 2742 dilutionem.

246 2809 378 2892 Dosis
395 2793 589 2892 :2-G10b.
607 2807 662 2908 i.„
677 2806 742 2915 ij„
765 2806 825 2915 iij.
847 2808 917 2890 vel
936 2809 990 2890 ir.
1012 2808 1237 2916 trigesimae

192 2959 508 3042 attenuationis.

248 3107 580 3191 Durati02-Ad
607 3106 901 3216 quadraginta,
921 3107 1008 3189 imo
1032 3109 1087 3190 ad
1116 3111 1237 3218 quin·
1356 3088 1374 3152 ’-

182 3257 400 3367 quaginta
420 3255 524 3338 dies.
1154 3261 1155 3264 ‘

250 3404 700 3486 Antid.-Plantarum
718 3405 871 3504 Asida,
896 3405 1077 3513 Spiritus
1088 3408 1240 3492 AEthe·

184 3556 252 3637 ris
268 3554 438 3654 Nitriai,
455 3553 524 3636 vel
536 3553 684 3634 melius
697 3553 851 3635 solutio
863 3554 1100 3636 Antimonii
1114 3556 1242 3640 Crudi

186 3703 446 3788 ¹nelTartari
460 3702 640 3782 Emetici
659 3702 714 3783 ad
729 3702 978 3786 dilutionem
990 3683 1152 3786 sextam
1165 3734 1239 3789 ex-

196 3854 356 3962 plicata
374 3864 417 3933 et
430 3850 601 3932 naribus
622 3852 806 3933 admota.
870 3853 1083 3960 Sanguine
1106 3855 1244 3963 Sepiae

197 3981 277 4083 usu
295 3999 420 4081 nimis
436 3999 650 4082 concitato
665 4001 817 4083 odores
835 4001 1008 4084 Aconiti
1027 4028 1240 4088 commen·

201 4151 329 4234 dandi
352 4160 463 4230 suut.
