3084 5040
541 353 898 408 uonmorsrrrrca.
1192 325 1246 402 23

188 513 290 596 inde
312 517 475 624 aliquid
508 519 775 628 depromtum
793 521 935 620 fuerit,
971 544 1047 628 per
1075 516 1243 625 longius

188 656 364 775 tempus
384 682 427 752 et
447 669 618 751 minime
645 671 819 777 quidem
839 681 996 779 apertae
1011 670 1055 750 in
1073 667 1243 750 officina

186 842 276 896 non
295 830 559 900 remaneant.

243 966 414 1050 Eodem
446 970 575 1051 modo
606 971 804 1079 pulveres
836 999 964 1082 quam
1002 971 1182 1082 primum
1215 997 1241 1050 a

186 1117 320 1200 rebus
341 1146 513 1228 gravem
537 1121 832 1229 spargentibus
861 1123 1052 1222 odorem,
1083 1122 1239 1229 quippe

189 1297 277 1377 quo
299 1271 426 1352 facile
457 1271 589 1356 imbui
619 1284 748 1380 atque
779 1273 933 1357 mutari
960 1273 1139 1383 possint,
1173 1297 1238 1352 re·

186 1450 366 1506 movere
390 1436 572 1532 oportet.
633 1425 794 1508 Omnes
826 1427 1140 1508 attenuationes
1170 1452 1236 1506 as-

187 1574 410 1656 servandae
430 1586 544 1674 sunt,
575 1603 674 1656 oum
694 1575 868 1682 singulae
888 1573 1115 1681 singularia
1134 1600 1235 1655 oon-

188 1724 372 1806 stituant
385 1725 586 1826 remedia,
607 1753 700 1833 quse
715 1737 759 1808 et
776 1725 935 1807 viribus
951 1725 1051 1824 suis,
1070 1736 1114 1806 et
1128 1736 1236 1806 tem·

187 1902 312 1983 pore,
336 1903 423 1983 quo
440 1875 533 1957 illas
546 1887 812 1984 expromunt,
834 1876 943 1957 inter
963 1875 1235 1977 sedifferunt,

189 2038 324 2134 atque
344 2027 462 2108 nulla
482 2054 626 2108 earum
645 2028 907 2136 supersederi
927 2027 1078 2135 possit,
1102 2026 1238 2107 omni-

188 2177 273 2260 bus
300 2179 414 2259 enim
442 2179 566 2260 certis
596 2179 639 2259 in
673 2178 830 2260 morbis
863 2205 939 2259 sua
969 2190 1033 2258 est
1062 2175 1235 2280 utilitas.

189 2328 351 2410 Omnia
369 2328 691 2422 medicamenta,
716 2328 958 2438 pulveribus
977 2353 1065 2408 non
1081 2353 1235 2434 excep·

187 2480 260 2580 tis,
285 2480 462 2587 lagenis,
477 2507 573 2561 oum
594 2481 766 2562 scatulae
782 2493 824 2561 et
840 2477 1018 2587 pyxides
1031 2504 1118 2558 non
1133 2477 1235 2560 satis

191 2647 343 2716 eontra
358 2638 496 2716 aerem
517 2635 624 2715 tueri
639 2644 830 2742 possunt,
848 2633 1099 2741 excipienda
1111 2645 1234 2715 sunt:

188 2783 356 2893 lagenae
372 2811 473 2868 vero
487 2784 666 2866 embolis
687 2810 710 2864 e
727 2783 878 2866 subere
894 2783 1018 2864 factis
1035 2782 1235 2862 claudan-

192 2946 273 3024 tur,
308 2962 491 3042 namque
527 2934 684 3016 emboli
713 2934 835 3017 vitrei
869 2933 1007 3041 asperi
1049 2960 1135 3014 non
1179 2935 1239 3015 ita

191 3085 367 3166 firmiter
387 3084 505 3166 ostiis
536 3110 629 3165 sese
660 3083 912 3192 applicando
940 3084 1083 3190 fugam
1103 3110 1235 3193 vapo·
1277 3073 1279 3077 ’

190 3261 286 3314 rum
304 3234 420 3315 haud
440 3233 679 3342 prohibent.

249 3383 471 3482 Remedia,
494 3409 588 3489 quae
603 3381 801 3463 facillime
814 3382 858 3462 in
873 3408 1052 3490 vapores
1065 3382 1237 3480 abeunt,

190 3546 344 3643 praeter
363 3533 553 3616 embolos
572 3533 843 3632 membranis,
868 3535 979 3615 tueri
998 3535 1239 3617 consultum

193 3687 284 3767 erit.
344 3685 515 3767 Emboli
536 3683 841 3793 nonnunquam
866 3713 962 3766 oum
981 3687 1101 3769 novis
1122 3715 1239 3770 oom-

193 3835 387 3917 mutandi
407 3846 520 3936 sunt,
543 3836 658 3943 quod
677 3835 944 3945 potissimum
955 3839 1239 3919 necessarium

195 3976 323 4066 estin
343 3985 520 4092 lagenis,
543 3997 637 4094 quae
656 3986 844 4068 remedia
869 3988 1083 4069 metallica
1100 3990 1236 4068 eonti-

193 4149 314 4237 nent,
337 4163 475 4244 eoque
490 4137 642 4244 magiS,
663 4137 698 4217 si
709 4137 853 4218 infima
867 4137 1130 4219 embolorum
1144 4167 1241 4247 pars
