921 1402
344 166 523 180 nouoeomrfflm.
670 159 697 180 89

372 211 495 228 LACHESIS.

266 244 471 272 (Trigonocephalus
480 244 601 271 Lachesis.)

319 284 387 304 Txigiun
394 284 500 299 nmmmm·
511 279 551 304 (X).

200 319 251 340 Hoc
267 319 446 340 medicamentum
464 319 545 340 invenit
561 320 601 340 Dr.
613 319 696 346 Hering

170 364 239 384 prope
248 357 350 384 oppidum
359 357 495 378 Parnmaribo
502 353 632 377 inSurinam.
662 357 696 377 Ex

172 398 279 422 serpente,
284 395 347 422 paulo
356 398 405 415 ante
412 396 538 422 stupefacto,
544 402 649 416 venenum
656 395 695 415 ob-

172 432 235 452 tinuit
247 441 251 452 :
275 432 337 459 idque
358 439 480 459 expressum
497 439 508 453 e
524 439 593 457 saeco,
614 433 650 459 qui
669 432 697 452 ad

173 470 248 490 dentes
261 470 333 493 haeret,
345 470 462 494 contendit,
474 476 521 490 esse
535 470 618 496 gravius
633 477 696 496 quam

172 513 256 527 veneno
263 507 342 527 Crotali
351 507 447 527 Horridi:
460 511 492 527 est
499 508 569 528 salivae
578 507 653 532 simile,
659 507 696 527 sed

172 544 350 564 minusviseosum
357 553 361 564 ;
372 544 508 571 pellucidum,
515 545 624 572 limpidum
631 547 652 564 et
659 552 695 565 co-

172 581 239 601 lorem
246 581 361 601 coernleum
367 581 439 601 habet.
459 582 537 601 Dentis
548 582 593 601 acie
603 581 664 601 facile
674 581 696 601 in

172 622 245 645 guttas
255 619 339 643 format,
356 619 420 638 etiam
431 619 521 638 minores
532 626 595 645 quam
606 619 696 645 Spiritus

173 656 223 676 Vini
233 659 306 682 guttae.
336 656 361 675 In
378 656 484 676 Saecharo
497 656 569 676 Laetis
579 656 640 676 facile
657 656 695 676 ab·

173 694 277 714 sorbetur.
314 693 335 713 Si
352 694 430 720 Spiritu
447 693 498 713 Vini
516 693 630 713 misceatur
648 700 696 713 cum

173 734 210 751 aut
220 731 264 751 sine
279 731 391 755 Saccharo‚
404 738 447 751 non
461 731 567 757 coagulat,
578 731 616 751 sed
629 731 696 751 solum

173 776 250 796 par-vos
265 769 343 789 floccos
356 769 438 788 format.
468 768 589 789 Secundum
605 769 694 795 Hering,

173 809 219 826 tere
229 806 303 826 decem
312 809 383 832 guttas
391 813 439 826 eum
447 809 532 826 centum
539 806 638 826 Sacehari
643 806 696 826 Lac-

174 844 201 863 tis
212 844 282 870 granis
293 850 330 870 per
346 843 419 863 horam
428 850 505 863 unam:
522 843 584 869 hujus
600 843 696 864 mixturae

174 881 248 901 decem
259 887 324 907 grana
334 887 382 900 eum
392 881 507 907 nonaginta
516 880 615 900 Saeehari
624 880 696 901 Laetis

173 918 243 944 granis
253 918 317 938 misce
326 927 330 938 ;
347 918 388 938 hoc
405 918 571 938 attenuationem
587 918 696 938 constituit

172 956 267 982 primam.
284 955 356 975 Unum
366 955 427 981 hujus
438 962 525 981 granum
535 958 580 975 tere
590 962 639 975 cum
648 962 696 975 cen-

173 996 219 1013 tum
234 993 332 1013 Sacchari
341 992 414 1012 Laetis
424 992 506 1019 granis:
523 992 564 1012 hoe
581 993 696 1013 attenuati-

174 1037 236 1050 onem
250 1030 358 1050 constituit
373 1030 494 1050 secundam.
526 1029 587 1056 (Hac
597 1032 618 1049 et
629 1030 696 1056 prim&

174 1068 275 1088 dilutione
293 1068 376 1093 Hering
385 1067 530 1094 experimenta
540 1067 610 1093 feeit.)
641 1067 695 1087 Gra-

174 1112 224 1125 num
230 1112 295 1125 nnum
300 1108 345 1125 tere
354 1105 429 1125 iterum
440 1111 488 1124 cum
498 1104 613 1130 nonaginta
620 1111 696 1125 novem
