3084 5040
273 491 275 496 Α
303 387 352 458 la
647 405 998 510 rrrsnnncorurm

381 679 440 732 DE
462 679 581 732 MODO
603 678 818 790 RlssCENTES
839 677 1025 732 PLANTAS
1047 674 1259 730 PARANDI.

354 868 515 952 Plantae
537 866 651 974 apud
664 893 743 948 nos
759 877 1015 964 crescentem
1033 863 1186 972 quibus
1197 887 1347 945 reeen-

297 1019 414 1104 tibus
434 1019 497 1101 uti
512 1020 628 1118 lieet,
647 1017 749 1099 dum
768 1017 937 1117 florent,
952 1015 1200 1124 colligendae
1217 1026 1345 1121 atque

292 1198 325 1253 a
366 1168 565 1254 sordibus
605 1166 919 1252 adhaerentibus
963 1168 1075 1276 aqud
1114 1164 1346 1285 purganda

296 1332 408 1403 sunt.
459 1320 714 1427 Plerumque
741 1331 878 1402 totam
902 1319 1108 1428 plantam,
1135 1331 1178 1400 et
1204 1319 1344 1412 florea

298 1484 341 1554 et
361 1471 526 1554 caulem
546 1499 643 1552 eum
658 1469 793 1568 foliis,
815 1480 858 1550 et
881 1468 1044 1550 radices
1076 1468 1277 1553 adhibere
1304 1497 1347 1552 ο·

297 1606 453 1732 portet.
489 1622 560 1705 Ab
575 1623 656 1704 hae
676 1621 826 1730 regulis
844 1622 1017 1730 plantae,
1042 1634 1253 1728 quaesunt
1273 1648 1348 1703 ex-

299 1784 450 1882 eeptae,
471 1787 625 1882 postea
644 1772 918 1858 notabuntur.
961 1773 1021 1854 Ut
1040 1784 1183 1856 autem
1203 1801 1347 1856 earum

298 1930 408 2011 vires
435 1938 539 2010 totae
564 1943 607 2009 et
630 1952 758 2034 quam
781 1926 873 2008 fieri
902 1926 1038 2035 possit
1065 1925 1346 2034 integerrimae

297 2082 593 2191 impetrentur,
629 2080 788 2188 plantae
825 2079 870 2161 in
906 2078 1183 2160 minutissima
1214 2081 1348 2163 frusta

296 2233 494 2316 dissectae
526 2242 654 2338 atque
686 2228 886 2312 mortario
915 2228 1086 2339 injectae
1111 2230 1155 2313 in
1182 2233 1347 2340 pultem

296 2395 470 2465 tenuem
490 2380 710 2464 tundendo
729 2382 990 2489 rediguntur,
1007 2410 1117 2490 quae,
1133 2395 1180 2464 ut
1195 2411 1346 2468 succus

299 2533 435 2615 omnis
454 2533 554 2614 inde
575 2533 834 2633 extrahatur,
855 2533 987 2614 linteo
1015 2547 1195 2644 excepta
1216 2537 1346 2644 praelo

296 2683 442 2794 ligneo
455 2682 688 2792 subjicitur.
724 2683 900 2783 Succus,
914 2684 1007 2792 pari
1022 2688 1166 2769 statim
1178 2687 1347 2796 spiritus

281 2836 384 2919 ,vini
404 2834 641 2943 quantitate
669 2833 873 2934 admixti,
895 2834 1004 2917 vasis
1026 2836 1170 2920 vitreis
1198 2865 1347 2921 recon-

295 2987 423 3069 ditur.
455 2986 541 3068 Die
560 3014 645 3068 uno
662 2986 826 3094 elapm,
848 2986 965 3092 quod
979 2988 1199 3097 limpidum
1218 3003 1283 3073 est
1304 3004 1347 3074 et

167 3210 172 3219 ,
296 3140 474 3240 clarum,
497 3165 522 3220 a
540 3137 657 3222 fibris
677 3150 721 3221 et
741 3137 955 3221 albumine
977 3153 1208 3249 separatur.
1249 3143 1344 3253 Spi-

296 3292 403 3374 ritus
421 3290 508 3374 vini
527 3288 738 3372 admixtus
768 3288 946 3398 impedit
973 3292 1090 3373 succi
1114 3294 1343 3377 fermenta-

295 3442 476 3540 tionem,
493 3439 687 3547 viresque
702 3439 894 3539 remedii,
914 3467 939 3521 a
958 3470 1045 3549 quo
1059 3442 1231 3552 insuper
1245 3445 1346 3527 solis

298 3590 406 3673 radii
426 3589 598 3672 arcendi
621 3600 735 3688 sunt,
757 3589 989 3674 incolumes
1013 3605 1056 3673 et
1082 3593 1346 3702 incorruptas

297 3751 452 3823 servat.
504 3738 556 3820 In
585 3738 757 3847 plantiS,
781 3767 875 3846 quae
906 3769 1032 3823 muco
1060 3756 1103 3825 et
1131 3745 1345 3827 albumine

297 3888 534 3989 abundant,
570 3889 728 3997 duplex
760 3893 1010 4000 plerumque
1050 3895 1222 4004 spiritus
1258 3894 1346 3980 vini

295 4039 512 4152 quantitas
539 4041 781 4148 requiritur,
810 4053 857 4123 ut
886 4042 980 4128 istae
1005 4044 1175 4128 inutiles
1200 4059 1345 4155 partes

295 4201 413 4274 reete
440 4190 656 4274 secedant.
708 4191 834 4293 Aliae,
867 4193 1020 4301 quibus
1049 4221 1204 4305 parcus
1233 4198 1344 4282 inest
